2956 4906
231 303 291 366 184
676 319 917 364 rnonnuonnua.

304 492 406 562 ¹l'ouca
430 498 528 551 tannen
550 488 694 568 quaedam
716 488 754 548 de
776 506 914 550 sermone
936 487 1057 564 Vergilii
1078 493 1159 547 recte
1182 496 1212 549 et
1232 489 1263 547 ni
1285 487 1372 550 lallor

228 594 350 672 antiquo
373 598 495 652 anctore
518 590 646 668 quodam
670 589 863 651 observarit·
895 588 980 660 Quod
1005 590 1088 649 euim
1106 607 1195 650 ausus
1219 596 1263 650 est
1284 599 1373 668 poeta

228 693 268 754 Xl
292 690 354 754 124
375 695 495 754 Aenean
518 693 594 752 lama
623 694 789 770 ingentem,
818 695 1016 767 inperatorem
1041 691 1132 752 armis
1160 689 1274 759 dicere,
1303 709 1372 752 seu·

228 796 338 856 tentiae
369 793 487 874 quidem
512 796 645 872 liguram.
675 801 707 854 ut
730 793 837 854 Furius
859 793 982 854 Albinus
1005 792 1083 871 apud
1105 792 1287 854 Macrobium
1311 793 1373 854 Sat.

231 892 320 966 112,
344 893 386 956 33
408 897 518 965 statuit,
543 896 765 962 Ciceronianam
789 896 928 962 imitatus,
953 895 1151 974 comparativo
1173 903 1270 956 auteur
1293 914 1374 965 usus,

172 1013 175 1020 ’
233 999 318 1058 cuins
341 1015 396 1057 nec
418 1004 487 1058 ante
509 1015 564 1056 nec
587 1003 655 1076 post
678 1016 743 1058 cunr
760 997 827 1057 novi
844 994 1022 1074 exemplum,
1047 994 1076 1055 id
1093 997 1151 1056 iam
1167 997 1262 1087 Verrii
1277 995 1375 1058 Flacci

229 1101 362 1161 animum
387 1099 549 1166 advertisse
572 1099 703 1172 videtur,
734 1117 768 1158 ex
792 1099 877 1157 cuius
899 1095 977 1157 libro
1000 1113 1075 1174 quae
1097 1083 1206 1158 Paulus
1228 1098 1376 1160 Diaconos

231 1219 260 1280 p.
288 1197 355 1260 114
371 1201 408 1261 lll.
434 1201 584 1280 excerpsit
606 1203 729 1276 ‘lupeno
751 1198 857 1259 dicitur
881 1198 1006 1275 augendi
1030 1199 1252 1270 consuetudine,
1275 1207 1309 1260 ut
1329 1201 1375 1260 in·

231 1300 362 1362 clamare
385 1302 532 1362 invocare.
578 1303 646 1379 quia
676 1303 753 1361 enim
777 1317 850 1378 gens
873 1295 975 1379 popiuli
998 1307 1043 1360 est
1065 1301 1248 1377 magnitudo,
1272 1302 1376 1378 ingen·

131 1431 136 1442 ¹
231 1411 368 1482 temper
392 1405 636 1482 compositionem
660 1403 800 1470 dicimus,
830 1401 907 1480 quod
932 1401 1077 1478 signifieat
1100 1401 1181 1462 valde
1204 1407 1375 1480 magnum’.

230 1505 309 1582 Ergo
338 1523 397 1565 non
427 1523 498 1565 sane
527 1505 610 1565 nihili
640 1515 686 1565 est
712 1503 790 1582 quod
819 1503 937 1580 negavit
964 1501 1095 1563 bonatus
1124 1505 1376 1583 comparationem

229 1606 286 1666 boc
309 1623 417 1665 nornen
440 1608 585 1686 recipere.

315 1741 388 1801 ltem
412 1743 599 1802 ‘commento
622 1741 787 1803 Aeneidos'
812 1741 917 1802 bonati
938 1741 1109 1801 Priscianus
1136 1760 1166 1820 p.
1192 1736 1276 1802 1004
1306 1760 1379 1802 usus

230 1842 345 1903 doctam
369 1842 404 1902 ad
428 1846 501 1906 den.
525 1840 648 1904 ll1686
672 1843 733 1918 l‘ni
749 1849 869 1903 teneant
885 1841 1018 1919 cursns’)
1043 1843 1192 1920 excerpsit
1213 1841 1379 1904 adnotatio·

231 1963 313 2004 nem:
345 1947 397 2004 ‘m'
423 1963 477 2024 pro
500 1962 546 2006 ne.
579 1946 622 2004 sic
653 1946 795 2005 reteres'.
846 1943 1015 2004 Pleniorem
1044 1945 1171 2004 servavit
1199 1960 1378 2020 quamquam

234 2065 294 2106 non
316 2047 470 2106 nominato
493 2054 614 2106 auclore
630 2045 765 2114 Servius,
790 2063 878 2124 quem
895 2043 945 2104 illo
963 2063 997 2104 ex
1014 2046 1227 2105 commentario
1242 2044 1379 2106 hausisse

230 2165 318 2227 quarn
349 2149 475 2206 maxime
508 2145 661 2226 probabile
692 2147 723 2206 lit
752 2147 929 2225 comparatis
951 2146 1058 2207 bonati
1088 2145 1123 2206 ad
1148 2145 1279 2206 Terentii
1311 2165 1379 2210 eun.

231 2248 256 2307 ll
278 2246 308 2318 3,
331 2245 372 2308 36
396 2257 425 2308 11
448 2247 486 2307 111
509 2245 538 2318 3,
562 2245 583 2306 2
605 2247 709 2308 titulis.
740 2247 824 2319 Quod
847 2254 946 2308 tamen
970 2248 1005 2308 ad
1028 2246 1107 2307 idem
1123 2255 1323 2308 commentum
1339 2248 1377 2309 11.

232 2350 371 2410 Hertzius
393 2346 508 2409 rettulit
531 2351 707 2409 sententiam
731 2341 835 2409 Don'ati
858 2347 895 2408 de
917 2349 990 2409 Aen.
1015 2348 1050 2408 Vl
1073 2344 1114 2408 62
1137 2368 1151 2410 a
1175 2349 1326 2410 Prisciano
1349 2367 1379 2428 p.

234 2447 313 2510 1157
342 2449 488 2528 prolatam
518 2450 616 2508 minus
644 2455 756 2509 certum
786 2449 916 2519 videtur,
946 2468 1012 2510 cum
1042 2452 1241 2530 ‘antiquiores
1263 2450 1379 2511 Donato

231 2551 340 2611 artium
364 2553 542 2629 scriptores’
568 2551 672 2611 eodem
695 2549 760 2610 loco
789 2549 887 2611 landet
914 2554 1140 2628 grammaticus,
1170 2551 1249 2611 rande
1272 2551 1378 2612 bonati

232 2669 353 2729 quoque
375 2659 479 2714 artem.
505 2670 563 2711 nou
588 2653 834 2712 commentarium
858 2653 966 2730 respici
991 2654 1181 2714 coniecerim.

317 2786 393 2846 Malo
416 2796 515 2847 tamen
538 2788 748 2848 Terentianam
773 2787 944 2847 nominativi
966 2785 1091 2866 pluralis
1114 2788 1239 2848 lormam
1268 2789 1315 2848 bis
1342 2787 1379 2848 ad

233 2888 354 2966 Vergilii
377 2888 431 2948 111.
455 2888 494 2948 111
519 2885 579 2948 102
602 2887 767 2956 transtulit,
792 2887 842 2948 ubi
865 2907 960 2965 neque
982 2907 1068 2950 umor
1088 2907 1184 2951 euusu
1206 2898 1250 2950 est
1272 2908 1379 2968 paren·

233 2990 329 3050 thesin
352 3008 418 3050 esse
441 2989 531 3050 voluit
555 2989 601 3070 (ad
617 2989 686 3049 Ter.
704 3008 771 3050 eun.
797 2986 873 3058 112,
897 2988 960 3071 38).
1006 2990 1067 3052 Nec
1082 2994 1176 3068 magis
1192 2989 1379 3071 probandum

231 3091 310 3170 quod
334 3094 406 3152 den.
432 3091 455 3150 ll
477 3087 540 3152 548
562 3093 608 3151 illi
627 3110 682 3170 pro
705 3090 844 3151 adverbio
868 3090 924 3150 loci
947 3093 1160 3169 interpretatus
1184 3100 1228 3153 est
1250 3091 1286 3151 ad
1308 3092 1378 3152 Ter.

233 3191 351 3271 adelph.
376 3189 441 3260 12,
465 3190 506 3253 36
543 3191 608 3252 bec.
633 3190 696 3262 12,
724 3189 762 3253 19
792 3192 912 3258 Plrorm.
936 3189 999 3263 12,
1023 3189 1074 3254 41.

317 3309 380 3371 allia
405 3310 494 3370 verbo
518 3310 678 3387 tangenda:
707 3306 744 3369 ἓν
772 3298 828 3370 (1ιᾶ
851 3306 949 3369 δυοῖν
972 3311 1179 3371 animadvertit
1209 3313 1327 3372 ‘costas
1351 3320 1382 3373 et

233 3413 340 3471 cratis’
372 3410 424 3470 llll
453 3409 532 3480 501;
573 3419 656 3472 reete
692 3430 737 3489 ge.
770 3410 820 3470 llll
849 3407 909 3471 153
937 3430 999 3487 pro
1027 3431 1088 3488 pue
1120 3415 1258 3474 mercede
1290 3411 1381 3472 verba

232 3511 363 3579 relativa,
394 3531 454 3572 non
478 3529 531 3589 prr
553 3513 817 3589 interrogationem
840 3511 885 3571 vel
909 3512 1151 3576 exclamationem
1175 3517 1303 3592 accepit;
1334 3517 1380 3573 in-

232 3615 296 3675 tiba
325 3632 371 3691 ge.
396 3613 407 3672 l
434 3608 494 3673 120
521 3612 590 3691 quid
620 3620 719 3672 essent
746 3611 858 3682 docuit,
889 3612 926 3673 de
954 3615 1062 3692 quibus
1090 3616 1229 3675 convenit
1256 3615 1284 3673 ei
1311 3633 1379 3676 cunr

233 3718 349 3776 Acrone
372 3716 421 3791 qui
444 3713 551 3773 dicitur
573 3713 685 3773 Horatii
709 3721 941 3774 commentatore
970 3715 1005 3774 ad
1029 3734 1118 3776 carui.
1142 3713 1227 3784 131,
1254 3711 1307 3782 16;
1331 3732 1379 3792 ge.

234 3816 244 3875 l
269 3812 329 3876 198
366 3819 424 3876 vim
446 3817 610 3875 itomanam
632 3813 800 3875 violentiam
825 3813 868 3875 vel
892 3813 1023 3876 laborem
1046 3816 1208 3877 humanum
1231 3817 1381 3894 interpre-

233 3923 311 3976 tatus
334 3922 387 3983 est,
412 3932 470 3990 quo
494 3923 613 3976 cavetur
636 3935 673 3977 ne
696 3918 734 3976 111
748 3916 880 3976 deterius
903 3926 969 3976 ruat
991 3925 1105 3977 natura.
1142 3916 1234 3976 111111
1257 3915 1292 3976 ad
1309 3916 1379 3976 Ter.

233 4015 353 4076 Pborm.
378 4011 455 4084 112,
479 4013 517 4077 31
543 4015 699 4097 exprlicavit
714 4021 907 4093 praesentius
930 4035 976 4094 ge.
999 4017 1026 4077 ll
1052 4013 1120 4078 121.

319 4135 457 4196 Ceterum
480 4134 575 4196 inulto
597 4135 681 4214 plura
706 4137 792 4196 etiam
817 4154 892 4212 quae
915 4134 1012 4195 bonae
1036 4135 1130 4212 lrugis
1146 4141 1244 4195 essent
1260 4136 1291 4195 in
1307 4136 1381 4195 Ver·

235 4235 352 4315 gillanis
375 4253 493 4316 quoque
515 4236 589 4298 lein
605 4237 710 4298 lionati
734 4238 953 4298 commentariis
976 4238 1069 4296 luisse
1093 4235 1178 4296 lacile
1201 4235 1304 4297 credet
1328 4237 1381 4316 qui

234 4339 411 4408 mondoum,
446 4356 532 4420 qnam
568 4338 654 4399 docte
689 4345 719 4398 et
753 4338 902 4400 subtiliter
935 4339 1013 4398 idem
1043 4338 1175 4398 Terentii
1209 4338 1382 4402 comoedias
