2956 4906
520 355 769 400 reoneaounurt.
1152 333 1214 401 227

71 524 182 602 scripta
205 523 266 584 sint
292 541 351 584 non
382 522 496 584 dubitat
518 521 638 610 lleilius.
696 524 850 602 ‘Magnam
883 529 1004 586 autem'
1038 527 1135 606 inquit
1165 526 1216 586 ille

70 625 209 701 ‘antiqua
232 625 380 703 scriptura
403 643 418 685 a
441 619 760 707 recentiore·[saecoli
781 620 833 708 Ill]
865 643 953 704 passa
976 634 1020 688 est
1042 628 1213 689 iacturam'.

71 725 175 806 Neque
198 726 277 786 enim
299 726 478 786 transversis
501 724 627 796 chartis,
657 726 709 786 sed
739 729 843 788 eodem
872 735 959 807 atque
986 730 1016 788 in
1049 730 1216 806 antiquiore

71 828 220 906 scriptura
243 827 353 888 iactum
376 834 441 888 erat
462 827 567 888 ordine
590 830 780 908 supraposito
802 835 884 891 textu
908 830 1022 890 novicio
1046 848 1104 890 non
1129 831 1215 890 scho-

71 927 183 989 liorum
206 936 329 997 tantum,
354 928 405 990 sed
430 925 569 990 versuum
594 930 681 990 etiam
697 929 933 1008 Vergilianorum
957 950 1027 1010 pars
1050 929 1216 994 oblitterata

72 1037 126 1090 661.
172 1027 304 1099 Quorum
328 1038 471 1108 quantum
493 1030 583 1092 nullis
611 1029 750 1092 adhibitis
778 1031 1001 1114 medicamentis
1030 1034 1174 1111 temporis
1201 1052 1216 1093 a

71 1132 224 1192 canonicis
246 1132 384 1211 permissi
407 1134 551 1211 angustiis
579 1135 729 1194 coercitus
757 1133 902 1212 expiscari
930 1134 1031 1212 potui,
1060 1132 1217 1212 diligenter

71 1235 102 1293 in
126 1235 339 1295 commentario
362 1234 466 1295 critico
490 1235 615 1295 enotavi.

139 1383 187 1462 ’71
210 1387 341 1447 Accessit
364 1385 410 1446 bis
433 1404 485 1447 sex
501 1385 622 1465 Vergilii
635 1385 866 1466 exemplaribus
888 1388 1100 1466 antiquissimis
1122 1406 1219 1467 nuper

74 1489 244 1565 septimum,
268 1485 439 1565 indagatum
461 1487 534 1548 illud
558 1506 574 1548 a
597 1488 631 1548 G.
647 1487 683 1547 H.
700 1487 825 1548 l'ertzio.
871 1488 927 1560 Qui
950 1507 1018 1549 cum
1041 1507 1118 1548 anno
1136 1486 1218 1550 1862

75 1607 111 1649 ex
134 1591 270 1650 auctione
293 1587 438 1650 librorum
457 1587 754 1650 Limborchianorum
776 1588 875 1667 llagae
901 1587 999 1650 habita
1022 1591 1077 1650 tria
1099 1589 1219 1669 Vergilii

74 1689 145 1751 lolia
168 1689 395 1750 membranacea
418 1689 620 1769 pulcherrima
643 1689 750 1751 litteris
773 1689 947 1769 capitalibus
974 1693 1085 1770 scripta
1111 1691 1217 1753 biblio·

75 1790 180 1852 thecae
203 1791 410 1853 berolinensis
432 1793 553 1852 nomine
576 1797 605 1851 61
626 1793 801 1852 auctoritate
831 1790 1023 1861 redemisset,
1053 1795 1150 1854 statim
1173 1796 1218 1854 in-

74 1892 190 1954 tellexit
211 1892 344 1954 eiusdem
368 1892 480 1954 codicis
504 1911 579 1962 esse,
604 1893 690 1953 cuius
712 1893 911 1970 fragmentum
928 1891 1053 1972 aliquod
1076 1896 1148 1955 hen.
1165 1895 1219 1955 llll
1303 1957 1304 1960 ,

74 1991 244 2056 302-305
272 1992 459 2056 Mabillonius
485 1992 605 2055 saeculo
633 1992 709 2054 XVll
744 1992 978 2055 admirabundus
1007 1995 1108 2054 amicis
1136 2013 1219 2056 mon-

74 2103 236 2164 straverat,
265 2094 344 2174 quod
374 2104 442 2174 post
470 2103 598 2156 mortem
628 2097 693 2157 cius
714 2113 793 2156 anno
818 2091 899 2155 1709
921 2094 1136 2156 Ruiuartusin
1160 2097 1219 2157 hla-

75 2195 192 2257 billonii
214 2195 251 2256 de
274 2215 307 2256 re
330 2195 518 2276 diplomatica
543 2195 619 2258 libro
643 2197 682 2276 (p.
706 2193 778 2272 635)
804 2197 930 2276 exprimi
952 2198 1080 2267 curavit,
1110 2199 1219 2277 repeti-

76 2306 182 2359 rerunt
192 2306 290 2359 eutem
303 2297 596 2377 patresBenedictini
604 2300 635 2359 in
648 2305 790 2360 tractatus
802 2300 871 2358 novi
883 2296 1064 2376 diplomatici
1074 2297 1220 2358 volumine

75 2398 118 2459 111
133 2417 163 2479 p.
178 2397 229 2460 41.
255 2399 327 2468 Nam
345 2399 422 2477 quod
440 2400 581 2461 silvester
604 2401 634 2460 in
657 2397 907 2478 palaeographiae
926 2397 1100 2460 uniuersalis
1123 2398 1179 2459 rol.
1195 2399 1222 2460 ll

75 2502 205 2562 coniecit
227 2503 257 2561 in
273 2502 412 2562 Vaticana
434 2499 613 2562 bibliotheca
635 2499 837 2564 Mabillonium
862 2519 940 2560 anno
965 2496 1048 2561 1685
1069 2497 1115 2560 rel
1139 2497 1221 2562 1686

77 2601 219 2663 schedam
242 2601 322 2664 illam
345 2603 455 2664 vidisse
478 2611 639 2683 narratque
654 2603 892 2680 quattuordecim
909 2611 970 2662 tum
986 2604 1130 2682 temporis
1145 2604 1222 2662 eius-

76 2702 147 2763 dem
169 2702 281 2764 codicis
303 2702 373 2764 lolia
394 2705 425 2763 111
449 2722 482 2764 66
507 2705 649 2773 extitisse,
674 2703 752 2764 unde
772 2711 872 2765 tamen
887 2703 1118 2774 interimendi,
1142 2703 1222 2781 quod

75 2823 156 2865 anno
180 2801 262 2865 1768
285 2804 399 2874 accidit,
423 2805 568 2866 tumultus
590 2805 665 2874 11116,
691 2806 810 2864 tertium
834 2804 897 2864 scil.
922 2813 951 2865 et
973 2814 1127 2887 quartum,
1152 2823 1220 2883 per·

74 2907 183 2974 ierint,
212 2905 326 2985 reliqua
356 2915 453 2966 autem
477 2905 632 2966 duodecim
657 2924 689 2966 se
712 2906 809 2984 ipsum
833 2923 911 2966 anno
936 2902 1016 2966 1841
1040 2905 1080 2966 1111
1104 2905 1220 2975 vidisse,

74 3007 133 3067 boc
156 3013 187 3067 et
207 3006 265 3067 lide
288 3015 318 3067 et
339 3005 548 3086 probabilitate
572 3024 676 3068 carcre
697 3007 848 3086 persuasit
859 3007 976 3068 Pertzio
989 3007 1107 3068 Ulricns
1120 3006 1218 3068 Koch-

75 3108 122 3168 lcr
155 3108 196 3184 (in
230 3109 452 3169 commentariis
481 3109 642 3169 menstruis
670 3108 801 3170 academ.
836 3108 966 3169 Berolin.
993 3105 1076 3169 1864
1107 3127 1135 3188 p.
1158 3105 1221 3168 278

68 3209 165 3289 sqq).
210 3211 266 3282 Qui
288 3217 371 3270 certo
394 3209 572 3271 documento
594 3210 730 3280 firmavit,
754 3211 811 3271 iarn
835 3217 903 3270 ante
925 3207 1055 3270 medium
1070 3209 1222 3270 saeculum

76 3310 153 3372 XVll
175 3330 234 3372 non
258 3311 325 3390 plus
348 3317 488 3390 quattuor
510 3310 588 3372 loliis
609 3311 780 3390 georgicon,
811 3329 887 3390 quae
917 3311 1086 3371 etiamnunc
1113 3311 1144 3370 in
1167 3309 1222 3370 Va-

76 3415 174 3473 ticana
198 3410 379 3473 bibliotheca
408 3430 534 3473 numero
556 3409 641 3474 3256
664 3412 779 3489 signata
802 3411 1008 3480 adservantur,
1037 3412 1149 3473 Romae
1172 3430 1222 3472 ex·

75 3515 180 3575 titisse.
236 3513 298 3584 Sed
328 3512 402 3574 baec
428 3515 493 3592 ipsa
521 3515 561 3574 ita
584 3522 752 3592 comparata
787 3522 864 3582 suut,
900 3521 933 3573 ut
966 3531 1026 3573 non
1059 3515 1223 3594 scripturae

75 3622 189 3676 tantum
213 3632 323 3693 genere
347 3622 376 3674 et
397 3615 493 3676 lorma
522 3615 731 3691 membranae,
759 3614 812 3686 sed
841 3611 982 3675 versuum
1012 3616 1100 3675 etiarn
1129 3617 1223 3676 conti-

76 3718 189 3778 nuitate
211 3715 392 3777 intellexerit
414 3716 548 3777 Pcrtzius
570 3716 781 3778 Rerolinenscs
804 3725 833 3776 et
847 3716 1003 3778 'Vaticanas
1026 3715 1115 3777 hasce
1138 3715 1223 3776 sche-

77 3819 131 3878 das
154 3818 288 3879 eiusdem
311 3817 423 3878 codicis
444 3817 607 3898 particulas
630 3837 705 3880 esse.
751 3817 825 3878 Nam
849 3818 1000 3896 excipiunt
1022 3835 1089 3877 sese
1110 3817 1224 3895 singula

74 3919 146 3980 lolia
168 3917 224 3980 hoc
247 3918 361 3990 ordine,
384 3927 417 3980 ut
679 3973 683 3980 .
937 3942 941 3948 ·
1160 3905 1162 3908 ¹

99 4069 278 4132 schedarum
300 4072 506 4144 Vaticanamm
556 4070 659 4133 lolium
725 4071 909 4132 icontineat
931 4071 1014 4150 gel
1055 4067 1183 4132 41-80

186 4204 198 4216 ·
306 4173 605 4235 berolinensinm'·
723 4173 735 4233 l
823 4207 834 4218 -
943 4205 955 4218 ·
1000 4203 1012 4216 ·
1056 4168 1204 4233 81-120

185 4301 196 4320 ·
304 4275 510 4336 vaticanorum
592 4309 604 4321 -
708 4274 734 4335 ll
822 4308 834 4321 ·
945 4269 1204 4334 --121-160
1300 4317 1302 4320 ψ
1407 4321 1410 4332 ,

593 4410 604 4422 -
695 4375 733 4436 lll
822 4409 833 4420 ·
942 4371 1204 4434 --161-200

954 4473 1019 4536 15*
