2962 4904
574 401 760 442 puaararro.
1089 457 1094 462 Ι
1191 393 1228 439 lx

86 563 227 648 positum
249 572 310 627 est.
376 549 529 626 Ceterum
548 561 604 626 illa
626 564 720 628 ‘item
743 564 868 628 Probus
892 573 924 628 et
947 564 1073 649 antiqui
1094 563 1227 644 nostri’,

86 665 179 728 ‘item
195 662 320 747 antiqui
335 665 438 726 nostri
454 672 488 727 et
498 663 623 728 Probus
633 670 652 743 ',
673 664 841 727 ‘similiter
855 665 888 726 in
902 665 1022 728 nostris
1039 664 1227 729 auctoribus

86 765 210 830 Probus
222 773 240 842 ’,
270 764 320 826 ‘in
348 762 397 827 his
426 772 458 827 et
488 764 591 828 nostri
621 786 660 828 ea
688 766 739 828 usi
768 773 871 844 sunt',
900 765 964 827 ‘sio
992 773 1025 828 ct
1052 766 1087 828 in
1109 765 1228 828 nostris

86 865 275 930 auctoribus
290 864 481 944 invenitur'‚
491 870 508 924 5
518 865 564 928 sic
582 873 614 928 et
630 865 717 951 apud
733 865 1022 950 nost1·os'-quid
1040 865 1104 929 sibi
1127 864 1229 928 velint

85 989 148 1029 non
170 965 379 1050 perspexisse
403 963 534 1028 videtur
555 965 696 1029 Riesius.
741 965 833 1046 Quae
857 967 944 1030 sico
968 975 1169 1050 spectarent,
1191 973 1228 1029 ut

85 1068 164 1131 haec
187 1065 274 1145 sola,
296 1087 361 1129 non
384 1075 492 1129 cetera
514 1066 609 1149 signa
624 1065 778 1129 Romanis
801 1067 833 1129 in
854 1089 916 1130 usu
931 1066 1033 1130 fuisse
1048 1075 1227 1146 monerent,

85 1189 163 1232 sane
192 1153 283 1252 quae
303 1166 439 1230 brevem
467 1177 619 1232 notarum
641 1166 730 1230 XXI
751 1188 919 1231 recensum
947 1167 1113 1252 excipiunt
1140 1164 1228 1252 apud

86 1268 278 1332 Suetonium
308 1267 374 1330 ‘his
399 1315 406 1330 .
430 1315 437 1330 .
462 1315 469 1330 .
494 1265 724 1332 Aristarchus'
760 1289 819 1330 uec
847 1289 905 1330 suo
933 1265 1004 1332 loco
1033 1268 1141 1352 posita
1168 1287 1228 1330 nec

84 1368 215 1452 integra
235 1366 388 1432 habenda
409 1377 530 1432 essent.
574 1367 688 1452 Itaque
711 1366 806 1430 valde
827 1367 984 1454 audacter
1004 1367 1133 1432 Riesius
1156 1389 1228 1432 con·

86 1469 163 1532 iecit
191 1467 354 1531 excidisse
382 1477 458 1533 ante
484 1470 564 1532 haec
592 1489 703 1532 earum
732 1477 881 1532 notarum
908 1470 1114 1550 memoriam,
1148 1489 1228 1554 quas

85 1592 127 1634 ex
146 1565 306 1652 ampliore
322 1589 455 1632 numero
471 1569 608 1632 Romani
625 1591 644 1632 a
660 1569 796 1634 Graecis
812 1569 951 1634 mutuati
973 1579 1091 1635 essent.
1123 1567 1227 1634 Multo

85 1667 117 1734 et
135 1667 317 1754 simplicius
338 1679 371 1733 et
385 1667 588 1754 probabilius
604 1669 809 1735 emendanda
824 1669 880 1734 illa
895 1671 1043 1756 suspicor
1057 1669 1229 1736 scribendo

86 1771 156 1834 ‘his
184 1779 214 1833 et
235 1777 304 1832 olim
332 1770 366 1832 in
393 1768 659 1835 adnotationibus
682 1770 781 1833 Ennii
804 1768 922 1835 Lucilii
952 1780 984 1835 et
1006 1771 1229 1835 scaenicorum

84 1872 135 1936 usi
158 1880 235 1935 sunt
250 1868 475 1954 Vargunteius
490 1869 686 1956 Laeliusque
709 1881 738 1934 et
750 1883 900 1950 postremo
914 1871 1053 1952 Probus,
1077 1871 1132 1956 qui
1155 1870 1228 1934 illas

86 1973 119 2035 in
143 1968 283 2054 Virgilio
307 1979 340 2034 et
361 1970 502 2036 Horatio
526 1981 558 2036 et
579 1971 732 2036 Lucretio
755 1972 908 2057 apposuit
930 1981 967 2036 ut
987 1971 1132 2038 Homero
1156 1973 1228 2036 Ari·

85 2071 237 2137 starchus
247 2078 269 2151 ',
293 2071 326 2135 in
346 2071 463 2156 quibus
479 2070 559 2136 haec
580 2077 630 2135 ‘et
645 2080 828 2157 postremo'
844 2073 936 2159 quasi
952 2073 1101 2157 flagitare
1116 2071 1229 2137 viden-

86 2184 147 2253 tur,
169 2171 308 2258 utquod
328 2172 374 2236 eis
395 2171 592 2258 respondeat
615 2172 728 2236 ‘olim'
752 2173 942 2258 praecedat,
965 2183 998 2238 et
1012 2182 1142 2258 poterat
1156 2181 1230 2257 post

85 2274 259 2338 slitteram
274 2271 431 2336 facillime
446 2279 486 2337 ort
500 2273 639 2338 transire
654 2275 688 2336 in
702 2281 782 2338 solis.
828 2274 868 2337 In
883 2274 1000 2339 ceteris
1015 2296 1089 2337 cum
1105 2273 1229 2338 librarii

86 2375 184 2460 culpa
197 2373 303 2436 multa
318 2385 474 2458 corrupta
489 2375 566 2455 sint,
582 2385 706 2438 certum
723 2373 802 2438 mihi
818 2375 949 2439 videtur
963 2396 1017 2440 eos
1035 2397 1114 2461 quos
1130 2374 1231 2439 Ennii

86 2487 118 2540 et
129 2473 249 2540 Lucilii
265 2473 466 2559 exemplaria
481 2475 650 2539 curavisse
664 2475 735 2561 ipse
746 2475 919 2540 Suetonius
936 2475 1014 2542 alibi
1032 2476 1135 2556 docet,
1149 2477 1229 2540 Var-

86 2576 255 2660 gunteium
279 2584 313 2638 et
333 2574 482 2639 Laelium
505 2574 705 2639 Archelaum
735 2575 882 2662 inprimis
910 2575 1094 2641 laudandos
1116 2576 1230 2640 fuisse.

86 2676 194 2740 Plauti
224 2685 469 2762 ceterorumque
491 2676 713 2740 scaenicorum
742 2687 868 2742 textum
895 2700 973 2740 num
1001 2677 1115 2742 Aelius
1147 2676 1228 2742 Stilo

87 2776 312 2843 emendaverit
333 2797 375 2839 an
398 2777 490 2840 cuius
513 2775 596 2840 alius
620 2777 778 2842 memoria
801 2777 975 2859 exciderit,
1004 2800 1069 2842 non
1090 2787 1227 2844 constat.

87 2878 349 2954 trutanniam
372 2877 530 2959 criticum,
554 2877 646 2941 cuius
668 2900 773 2963 nuper
793 2879 942 2943 umbram
964 2879 1093 2944 Riesius
1117 2904 1149 2967 p.
1165 2880 1228 2944 466

87 2979 263 3057 excitavit,
298 2976 340 3041 ad
367 2977 490 3043 inferos
525 2977 746 3064 repellendum
774 3001 900 3045 censeo.
992 2979 1058 3044 Sed
1088 2979 1165 3044 illuc
1191 2990 1229 3044 ut

87 3081 235 3160 redeam,
265 3086 389 3162 septem
416 3076 474 3140 illa
501 3077 725 3144 additamenta
750 3080 785 3142 in
813 3081 860 3145 eis
889 3080 1031 3144 maxime
1058 3081 1143 3145 notis
1173 3103 1227 3166 ap-

86 3189 216 3267 parent,
240 3199 323 3263 quae
346 3178 388 3243 ab
404 3178 596 3243 Aristarcho
619 3179 672 3244 vel
687 3181 793 3265 primo
809 3181 861 3246 vel
877 3179 1034 3264 singulari
1049 3191 1081 3244 et
1096 3180 1229 3245 diversa

87 3283 127 3346 ab
143 3279 217 3344 aliis
233 3279 360 3343 ratione
376 3278 542 3344 adhibitae
558 3289 643 3361 sunt,
658 3289 695 3344 ut
709 3281 805 3345 huius
820 3281 1028 3367 potissimum
1045 3281 1228 3368 exemplum

87 3382 222 3446 Latinos
259 3381 490 3464 grammaticos
525 3393 653 3446 secutos
684 3403 770 3463 esse,
810 3383 843 3446 id
871 3380 957 3467 quod
991 3383 1089 3447 etiam
1116 3383 1226 3447 verbis

87 3504 185 3568 supra
220 3479 362 3544 laudatis
399 3483 559 3547 monitum
594 3493 658 3560 est,
701 3482 807 3546 denuo
842 3480 1083 3547 adfirmaretur.
1141 3483 1227 3546 Nam

86 3582 235 3670 ‘propria
255 3581 456 3647 Aristarchi'
479 3592 557 3648 nota
579 3585 699 3649 dicitur
721 3583 895 3648 asteriscus
919 3605 993 3647 cum
1015 3584 1119 3665 obelo,
1143 3594 1225 3648 aste-

85 3687 169 3748 risco
185 3682 281 3746 aliter
302 3693 400 3768 atque
415 3683 663 3769 Aristophanes,
686 3684 774 3770 diple
793 3683 933 3770 simplici
955 3695 1032 3768 post
1044 3685 1226 3769 Leogoram

85 3783 186 3849 multo
223 3783 380 3868 ampliore
415 3783 550 3849 consilio
583 3807 662 3849 usus
692 3795 742 3849 est
768 3784 997 3865 Aristarchus,
1030 3795 1067 3850 ut
1093 3787 1127 3849 in
1154 3787 1226 3872 ipso

85 3894 228 3951 tractatu
260 3895 374 3948 nostro
409 3883 545 3968 singulis
578 3885 658 3950 locis
686 3895 853 3950 narratum
881 3896 941 3950 est.
990 3886 1073 3950 Item
1101 3887 1226 3972 primus

85 3985 172 4072 diple
194 3985 445 4071 periestigmene
468 3996 500 4050 et
522 3987 732 4072 antisigmate
754 4009 826 4051 cum
848 3997 978 4071 puncto,
1002 3987 1096 4051 aliter
1118 3999 1227 4053 antem

85 4099 181 4173 atque
218 4085 455 4171 Aristophanes
490 4087 671 4173 Byzantius
709 4087 766 4175 (cf.
803 4087 973 4152 Nauckius
1004 4089 1107 4151 Arist.
1143 4089 1226 4174 Byz.

85 4187 203 4272 fragm.
231 4209 264 4272 p.
295 4187 348 4266 18)
383 4185 523 4273 simplici
560 4189 767 4273 antisigmate
807 4210 886 4252 usus
921 4200 972 4254 est
1003 4189 1225 4272 Aristarchus,

86 4311 177 4374 quem
205 4295 394 4352 constanter
427 4288 546 4352 imitati
580 4301 656 4354 sunt
685 4289 833 4356 Romani.
884 4289 1007 4354 Contra
1034 4300 1067 4353 et
1094 4289 1225 4355 obelum

86 4399 158 4453 ante
179 4385 408 4454 Aristarchum
432 4387 616 4454 Zenodotus
646 4389 766 4476 spuriis
795 4391 946 4456 versibus
976 4390 1092 4454 adfixit
1121 4400 1153 4454 et
1176 4412 1223 4453 ce-
