2962 4904
538 341 783 387 enonnconnna.
1188 319 1228 385 57

77 511 324 588 advenirent.’*)
363 511 436 573 llam
464 517 497 573 ut
519 513 605 573 amici
635 511 854 588 familiaresque
878 518 983 591 poetae
1011 511 1042 571 iu
1066 512 1124 581 eis,
1154 529 1230 591 quae

78 617 118 678 de
141 616 266 694 ingenio
288 614 483 692 moribusque
506 615 570 676 eius
593 616 754 677 memoriae
778 613 935 676 tradidisse
951 613 1089 675 dicuntur
1105 633 1121 674 a
1136 612 1230 674 Gellio

79 719 159 780 xvn
184 716 240 786 10,
270 717 372 778 dicere
399 719 498 798 ipsum
522 717 640 778 solitum
670 736 735 778 esse
758 723 970 785 narraverunt,
1000 717 1098 795 paruit
1126 734 1231 776 versus

79 840 167 882 more
192 828 283 900 atque
306 821 364 881 ritu
388 821 502 890 ursino,
526 827 559 882 nt
580 821 724 900 informes
745 818 896 899 rudesque
919 819 1016 898 primo
1035 805 1151 896 ⁸ingenii
1173 819 1229 879 im·

79 931 153 1002 petu
176 925 304 983 iactatos
327 921 456 984 limando
477 920 619 1003 paulatim
643 921 856 998 tractandoque
879 919 915 982 ad
937 921 1009 982 artis
1031 921 1162 1000 speciem
1179 939 1229 980 ex·

79 1025 179 1106 polire
201 1023 328 1086 adsidue
351 1043 473 1105 operam
495 1013 590 1086 darel.

166 1127 327 1189 Nascentis
349 1127 494 1207 poematis
518 1126 619 1188 laudes
635 1127 810 1206 Propertius
833 1124 926 1204 elegia
948 1124 1038 1206 paulo
1060 1132 1129 1205 post
1150 1143 1229 1185 mor·

80 1241 164 1291 tuum
194 1247 277 1291 auno
301 1226 362 1292 728
385 1228 556 1292 Cornelium
579 1229 694 1291 Gallum
723 1235 840 1309 poetam
872 1228 982 1307 scripta
1005 1227 1043 1289 lll
1066 1223 1108 1288 34
1136 1227 1183 1306 (ci.
1206 1245 1230 1287 v.

76 1331 119 1393 91
141 1353 188 1414 sq.
214 1340 246 1394 et
269 1333 389 1394 Cassius
412 1332 465 1394 llio
487 1331 550 1393 nni
572 1328 623 1412 23)
647 1331 694 1393 his
716 1330 824 1393 cecinit
847 1348 872 1390 v.
895 1326 938 1392 59
960 1347 1041 1411 sqq:

291 1507 333 1546 me
355 1491 428 1548 iuvet
450 1490 586 1546 hesternis
609 1490 729 1563 pesitum
751 1488 882 1562 languere
910 1488 1030 1550 corollis.

377 1592 457 1650 quern
481 1575 572 1649 tetigit
594 1573 667 1631 iactu
689 1581 781 1632 certus
804 1573 921 1630 adessa
943 1573 1018 1636 deus,
1067 1595 1068 1598 ¹

291 1660 367 1717 hetia
390 1658 539 1734 Vergilium
561 1659 683 1718 custodis
705 1658 786 1716 litora
809 1657 921 1721 Phoebi,

375 1745 496 1803 Caesaris
519 1753 546 1801 et
569 1744 655 1803 lortes
677 1745 767 1802 dicere
790 1762 871 1818 posse
894 1752 975 1807 ratos,

291 1832 339 1906 qui
362 1848 434 1887 nunc
455 1834 562 1888 hertone
585 1831 695 1888 Troiani
718 1829 833 1888 suscitat
855 1847 929 1887 arma

339 1965 340 1968 ,
376 1917 500 1990 iactaque
522 1915 629 1973 Lavinis
652 1917 758 1972 moenia
781 1915 919 1973 litoribus.

292 2001 380 2058 cedite
402 2001 513 2059 Romani
537 2002 701 2075 scriptores,
726 2000 821 2057 cedite·
835 2000 912 2057 Grai:

375 2087 468 2143 nescio
493 2087 559 2161 quid
581 2087 668 2142 maius
691 2087 812 2143 nascitur
833 2085 922 2142 lliade.

84 2241 151 2300 Non
176 2237 257 2298 enim
269 2263 276 2272 ¹
281 2237 430 2316 persuasit
441 2237 472 2298 C.
486 2235 655 2298 lleimreich
671 2237 701 2296 in
714 2243 839 2314 quaesit.
852 2235 999 2316 l'ropertt.
1018 2237 1139 2298 Bonuae
1154 2233 1235 2298 1863

82 2340 173 2400 editis
185 2358 215 2419 p.
229 2334 272 2399 46
282 2356 347 2418 sqq.
362 2339 513 2400 coniciens
524 2336 719 2418 interpolatos
732 2357 797 2398 esse
810 2356 852 2398 vv.
866 2334 1002 2400 61-80.
1027 2338 1164 2399 Concedo
1186 2358 1231 2400 se·

86 2439 239 2520 parandos
255 2457 320 2502 esse
337 2442 386 2520 qui
402 2442 549 2519 integrum
567 2457 687 2502 carnaea
704 2441 835 2501 elficiunt
849 2459 892 2501 vv.
913 2438 1025 2511 1-18,
1049 2442 1123 2502 etin
1139 2440 1234 2502 altero

85 2543 166 2624 quod
190 2544 221 2603 in
243 2542 328 2604 libris
350 2541 522 2604 adiunctum
547 2550 592 2604 est
613 2542 749 2604 ordinem
772 2561 912 2604 versuum
929 2542 1134 2624 cumpluribus
1150 2542 1231 2612 locis,

87 2643 168 2706 velut
190 2646 288 2707 statim
312 2653 379 2724 post
403 2664 427 2705 v.
451 2642 492 2706 66
516 2643 555 2722 (id
579 2643 656 2724 quod
679 2643 904 2706 haclunannum
933 2663 992 2707 non
1016 2645 1100 2724 sugit)
1124 2646 1233 2707 misere

86 2745 237 2808 urbatum
261 2754 291 2808 et
312 2747 427 2810 lacunis
456 2747 581 2808 lortasse
609 2745 771 2808 laceratum
801 2745 941 2824 asse**):
972 2746 1024 2810 sed
1053 2735 1128 2809 haec
1158 2766 1233 2829 quae

88 2869 178 2929 supra
207 2849 354 2930 descripsi
382 2867 435 2911 cur
463 2847 640 2928 displiceant
667 2848 741 2912 adeo
770 2868 828 2910 non
861 2849 1019 2928 intellego,
1056 2858 1088 2911 ut
1120 2849 1233 2910 heroici

88 2952 147 3014 stili
175 2953 349 3032 gravitatem
378 2952 538 3014 amatoriae
566 2951 703 3012 lasciviae
733 2952 845 3031 epponi
874 2950 918 3012 vel
946 2958 1071 3032 propter
1093 2951 1233 3012 Varronis

87 3055 200 3116 Atacini
225 3053 394 3134 exemplum
417 3072 444 3114 v.
467 3049 509 3116 85
532 3053 660 3115 adlatum
684 3059 786 3132 putem
815 3055 1014 3115 necessarium
1037 3054 1139 3115 luisse.
1176 3055 1250 3125 Qui

88 3176 154 3219 cum
178 3157 250 3219 item
274 3164 307 3218 ul
328 3155 476 3236 Vergilius
503 3164 624 3237 praeter
653 3155 759 3218 heroas
782 3164 811 3218 et
833 3165 992 3236 praecepta
1021 3155 1125 3218 luserit
1153 3174 1232 3218 arna·

155 3393 186 3463 *)
203 3395 263 3448 Hos
281 3396 356 3447 intel·
373 3395 505 3447 tibicines
523 3393 667 3447 admodum
690 3394 894 3447 inconsiderate
917 3392 1028 3446 rettulit
1046 3393 1159 3446 Servius
1178 3394 1231 3446 ele·

89 3485 200 3546 gentem
220 3495 329 3533 versum
346 3483 371 3532 V
383 3482 432 3532 457
451 3485 540 3531 ‘nune
559 3480 658 3531 dextra
670 3481 844 3546 ingemInans
858 3481 941 3542 ictus,
960 3496 1034 3531 nune
1046 3479 1094 3530 ille
1107 3481 1233 3530 sinistra’

88 3567 138 3628 (ci.
155 3567 290 3633 Wagneri
309 3571 416 3630 quaesi.
430 3566 511 3632 Verg.
530 3567 596 3618 XXI
614 3567 643 3630 8)
662 3569 690 3616 el
707 3565 744 3616 VI
758 3567 813 3624 mu,
833 3565 880 3616 irbi
893 3564 1004 3632 minime
1023 3569 1122 3616 ‘vacat
1137 3567 1232 3628 sorle’:

87 3667 152 3702 nam
171 3652 283 3702 iortnne
306 3650 499 3702 intercedente
522 3651 599 3717 ipsas
621 3667 718 3718 preces
741 3651 834 3702 statim
857 3654 973 3702 secutae
997 3653 1062 3700 sunt
1086 3665 1152 3701 oves
1178 3667 1232 3700 ma·

88 3743 194 3792 ternae.
407 3725 410 3730 ¹
1178 3803 1183 3810 υ

140 3819 186 3888 ss)
205 3820 337 3873 Correeto
357 3820 471 3873 alterius
490 3823 599 3898 elegiae
618 3820 682 3872 inde
700 3837 717 3872 a
736 3838 761 3875 v.
780 3823 812 3873 23
830 3821 911 3872 initio
929 3821 1000 3872 hune
1018 3820 1047 3870 in
1064 3820 1186 3872 modurn:

223 3905 268 3957 Sic
281 3905 346 3970 (Sed
363 3904 452 3972 vulg.)
470 3922 618 3972 numquam
636 3907 712 3958 vitae
732 3907 814 3958 fallet
835 3923 878 3958 me
897 3921 965 3972 ruga
984 3903 1113 3958 severae:

291 4007 385 4044 omnes
404 3993 460 4043 iam
477 3999 590 4056 norunt,
611 4008 693 4059 quam
713 3993 750 4043 sit
769 4007 863 4044 amare
881 3993 991 4046 bunum.

223 4077 352 4143 Lynceus
370 4079 431 4144 ipse
449 4093 525 4129 meus
544 4093 620 4130 seros
639 4079 744 4129 insanit
762 4094 883 4129 amores:

289 4178 372 4214 serum
390 4159 482 4228 (solum
500 4160 589 4229 vulg.)
608 4169 635 4215 te
654 4167 764 4215 nostros
782 4163 872 4214 laetor
890 4162 966 4214 adire
985 4163 1049 4215 deos

88 4251 189 4298 esteris
206 4247 270 4300 vide
290 4262 326 4298 an
344 4248 390 4299 hie
409 4249 468 4298 lere
487 4249 598 4299 restitui
616 4249 703 4315 possit
721 4249 800 4300 ordo:
827 4251 928 4300 27-29
953 4248 1090 4314 (lacuna).
1121 4251 1229 4300 51-54.

88 4333 189 4384 33-38
208 4331 345 4398 (lacuna).
382 4335 414 4384 41
433 4348 474 4398 sq.
502 4337 535 4386 39
553 4349 593 4399 sq.
621 4337 654 4385 ia
672 4349 712 4399 sq.
749 4335 782 4386 45
801 4349 840 4400 sq.
865 4337 896 4386 31
916 4349 956 4399 sq.
992 4337 1101 4386 47-50.
1120 4335 1153 4384 55
1172 4349 1230 4399 sqq.

89 4433 253 4485 quamquam
272 4419 312 4472 sie
331 4434 439 4485 quoque
458 4424 567 4471 restant
584 4419 715 4487 scrupuli.
