2956 4906
688 337 932 380 erchauoaldum

697 849 830 984 Curua
857 911 924 984 XI.
1037 877 1039 884 Ι

382 1087 676 1171 Describuntur
706 1117 807 1196 quos
837 1089 1004 1172 adhibui
1035 1090 1206 1182 codices.

326 1437 388 1499 lam
411 1437 447 1500 de
469 1441 637 1514 codicibus,
668 1459 742 1519 quos
763 1440 799 1500 ad
822 1438 1005 1501 recensenda
1029 1438 1149 1518 Vergilii
1172 1441 1303 1500 carmina
1328 1459 1383 1502 nus

244 1539 443 1611 adhibuimus,
462 1539 696 1602 membranaceis
712 1541 857 1610 omnibus,
881 1539 1040 1601 dicendum
1057 1549 1109 1610 est,
1132 1543 1270 1620 inprimis
1285 1550 1384 1603 antem

242 1643 279 1703 de
302 1644 345 1703 eis
366 1644 418 1723 qui
439 1641 581 1722 quadrata
603 1643 748 1721 scriptura
765 1641 963 1705 venerabilem
978 1661 1051 1722 prae
1074 1662 1106 1703 se
1129 1644 1230 1704 lerunt
1252 1650 1382 1704 vetusta·

244 1753 313 1805 tem.
357 1744 502 1822 Singulari
526 1745 604 1804 enim
632 1742 772 1806 felicitate
800 1752 915 1826 septem
943 1744 1030 1806 huius
1059 1746 1179 1823 generis
1202 1745 1383 1825 exemplaria

243 1855 416 1924 supersunt,
445 1863 573 1924 quorum
595 1852 694 1906 tarum
716 1848 866 1926 integrum
893 1844 1023 1916 nullum,
1053 1853 1192 1926 quattuor
1214 1848 1381 1924 fragmenta

243 1957 355 2008 tantum
378 1946 521 2025 quaedam
544 1947 694 2008 exhibent.
725 1949 951 2009 Enarrationem
973 1948 1009 2009 de
1024 1947 1108 2008 libris
1122 1949 1274 2009 FMPRV
1289 1948 1380 2008 redux

243 2050 324 2112 ltalia
346 2068 423 2111 anuo
448 2046 529 2111 1854
550 2048 717 2136 academiae
737 2048 904 2111 litterarum
932 2051 1033 2132 regiae
1055 2049 1240 2110 Berolinensi
1263 2050 1380 2120 tradidi,

243 2169 318 2229 quae
340 2154 500 2213 menstruis
529 2153 592 2212 eius
619 2149 814 2213 relationibus
842 2153 910 2212 anni
939 2151 1072 2212 eiusdem
1101 2151 1239 2222 Ianuario
1268 2153 1381 2212 inserta

243 2263 287 2313 est
309 2255 347 2333 (p.
371 2251 412 2315 36
434 2246 520 2333 squ).
565 2254 703 2314 Ceterum
726 2253 762 2313 de
784 2255 903 2315 FMPR
924 2252 1050 2314 adeundi
1073 2255 1123 2332 qui
1144 2251 1381 2330 Vergiliancrum

242 2354 376 2417 codicum
400 2357 521 2435 pinaces
544 2356 803 2416 concinnaverunt.

326 2457 446 2518 Litteris
468 2464 566 2518 autem
589 2454 763 2536 capitalibus
786 2464 816 2517 et
838 2458 985 2518 coutinuis
1000 2459 1110 2538 scripta
1125 2456 1265 2537 usurpavi
1281 2475 1381 2517 crem·

242 2558 335 2638 plaria
357 2558 462 2618 baecz·
1078 2543 1081 2550 Ι
1185 2633 1188 2646 .

329 2657 356 2737 l)
386 2661 521 2720 Schedos
554 2663 720 2721 Vaticanus
747 2661 804 2736 (F)
836 2678 960 2721 numero
989 2656 1074 2722 3225
1107 2661 1252 2737 signatas,
1285 2661 1380 2721 torma

243 2761 401 2842 quadrata,
435 2770 594 2822 exornatas
626 2763 760 2842 picturis.
806 2762 964 2823 Corrcctae
992 2771 1061 2823 sunt
1089 2761 1224 2822 manibus
1246 2761 1380 2832 diversis,

242 2883 367 2944 quarum
396 2881 453 2924 una
482 2847 586 2924 rudior
615 2866 697 2939 (Aen.
722 2864 770 2936 llll
794 2861 882 2939 267),
911 2861 965 2924 alia
994 2862 1167 2924 minusculis
1195 2863 1301 2923 litteris
1329 2882 1381 2924 usa

244 2967 299 3043 (ge.
323 2963 446 3026 111297
487 2961 802 3026 .len.111115.325
840 2965 876 3025 Vl
897 2961 986 3043 494),
1023 2965 1115 3026 semel
1144 2963 1226 3042 (ten.
1250 2963 1286 3024 Vl
1308 2961 1380 3042 865)

243 3069 343 3128 miuic
389 3067 540 3152 lucipiunt
561 3085 578 3128 a
599 3067 758 3144 georgicon
781 3065 856 3127 libro
879 3066 928 3127 lll.
961 3066 1099 3144 Singulae
1113 3067 1239 3147 paginae
1262 3073 1292 3126 et
1312 3065 1381 3126 lolia

244 3178 315 3250 quot
337 3187 438 3230 versus
459 3171 641 3236 contineant,
676 3169 706 3229 in
736 3171 947 3229 commentario
980 3170 1082 3230 critico
1115 3168 1292 3228 indicatum:
1327 3186 1382 3246 pru

242 3273 426 3350 picturarum
457 3273 536 3331 enim
564 3289 703 3331 mensura
732 3271 824 3330 variat
851 3289 1003 3331 numerus.
1055 3271 1129 3331 Fclii
1158 3269 1249 3330 Xlllll
1275 3271 1383 3348 pagiua

243 3375 354 3452 postica
378 3391 468 3433 vacua
492 3372 605 3441 relicta,
629 3375 725 3433 antica
746 3379 807 3433 tola
829 3375 975 3452 picturam
998 3375 1136 3443 continet,
1161 3381 1194 3433 ut
1214 3371 1382 3432 accuratius

243 3481 431 3535 numeratum
465 3473 545 3554 quod
573 3476 645 3534 Aen.
674 3474 714 3535 lll
739 3470 841 3534 1—12
875 3477 1006 3536 continet
1038 3475 1140 3536 lolium
1173 3473 1278 3534 llllllll
1312 3471 1382 3548 (nen

244 3577 345 3652 Xlllll)
377 3575 535 3636 dicendum
565 3577 653 3636 luerit
683 3584 712 3636 et
733 3578 887 3652 sequeutia
911 3576 1059 3656 deinceps.
1109 3576 1142 3637 ln
1170 3575 1240 3636 lolio
1263 3573 1381 3636 lll'tlllll

243 3685 311 3758 post
333 3696 434 3738 versus
457 3673 583 3739 62-82
606 3685 635 3736 et
658 3674 782 3741 83-92
816 3677 890 3740 duae
924 3679 1078 3768 columnae
1107 3695 1208 3738 versus
1236 3673 1382 3738 93-121

243 3780 350 3841 litteris
366 3780 477 3842 saeculi
491 3780 517 3842 X
534 3781 700 3840 continent:
725 3779 777 3840 bas
792 3787 860 3841 ncta
879 3780 904 3855 s
921 3782 1041 3858 signavi.
1072 3780 1170 3840 Prima
1186 3778 1240 3839 hae
1256 3777 1385 3839 schedae

243 3884 364 3942 luerunt
386 3881 425 3942 lc.
447 3883 557 3944 Ioviani
579 3883 713 3952 Pontani,
737 3889 838 3962 pastea
862 3883 942 3943 l‘etri
962 3880 1066 3942 Benrbi
1081 3881 1252 3950 Cardinalis,
1275 3880 1383 3940 deinde

243 3983 337 4044 Fulvii
363 3983 472 4054 Ursini,
498 3986 549 4062 qui
571 4003 621 4045 eas
645 3983 840 4045 bibliothecae
862 3984 1027 4053 Vaticanae,
1052 3985 1098 4044 cui
1120 3984 1288 4063 praelectus
1309 3990 1381 4051 erat,

243 4087 320 4146 donc
343 4085 432 4145 dedit.
758 4083 762 4090 '

327 4189 461 4249 Picturas
484 4188 602 4249 saeculo
626 4190 809 4250 Constantini
836 4191 1006 4269 superiores
1035 4188 1159 4248 fortasse
1188 4187 1223 4248 ad
1247 4195 1383 4265 tempora

244 4292 366 4370 Septimi
389 4291 491 4351 Severi
514 4291 679 4370 pertinere,
715 4293 806 4350 immc
833 4291 906 4351 nibil
936 4293 965 4350 in
995 4292 1037 4351 cis
1066 4289 1232 4368 essequod
1256 4291 1383 4368 primam

243 4394 368 4454 Romani
390 4393 509 4472 imperii
530 4394 712 4454 maiestatem
741 4410 798 4452 ncu
829 4391 993 4460 redoleret,
1029 4393 1145 4452 censuit
1169 4391 1344 4452 Emmanuel
1368 4411 1383 4451 a
