2962 4904
239 324 261 388 4
687 349 931 396 33333333333.

218 507 479 588 *concinnaverat
502 519 677 581 auctoritate
699 520 831 599 pendere
853 527 935 581 recte
957 518 1045 580 bodie
1068 519 1248 598 statuunt*).
1273 499 1387 590 Quodsi

243 617 452 682 familiaritatis
486 640 553 683 cnm
586 619 721 683 Pollione
749 630 920 685 contractae
953 622 1165 683 documentum
1207 627 1252 682 est
1288 619 1390 698 ecloga

240 721 436 801 secanda,
464 742 501 784 ne
529 730 629 803 potest
651 723 771 802 quidem
799 733 867 787 ente
897 743 1008 786 annum
1031 720 1091 784 711
1121 729 1297 793 exeuntem,
1328 741 1388 803 quo

242 822 303 894 ille,
327 826 380 903 qui
403 833 488 886 antea
511 826 541 886 in
563 825 703 906 Hispania
726 826 841 897 fuerat,
870 828 1000 907 primum
1023 823 1135 886 Galliae
1158 825 1390 906 Transpadanac

241 927 410 1006 praelectus
433 936 493 996 est,
517 929 682 1007 composita
704 926 823 998 haberi,
854 928 1002 1009 probabili
1025 935 1124 990 autem
1147 928 1319 990 coniectura
1342 929 1390 987 rix

240 1029 334 1108 ipsius
356 1030 426 1090 anni
449 1025 510 1090 712
533 1037 647 1091 aestate
675 1033 824 1111 antiquior
851 1031 982 1111 putanda
1012 1032 1077 1092 erit.
1129 1030 1202 1092 Nam
1231 1036 1294 1120 tum
1324 1047 1390 1091 earn

240 1138 338 1192 natam
361 1149 427 1194 csse
448 1147 514 1193 curn
538 1130 630 1193 Pollio
655 1131 778 1194 Galliam
802 1133 1045 1213 Transpadanam
1076 1139 1208 1202 teneret,
1240 1133 1391 1211 expressis

240 1233 337 1295 verbis
365 1233 453 1310 docet
475 1235 594 1296 Servius
622 1234 659 1294 ad
688 1235 741 1296 ecl.
772 1235 798 1296 ll
823 1233 849 1296 1.
899 1234 1039 1297 Ceterum
1070 1235 1202 1312 quamvis
1229 1233 1392 1296 Alexandri

239 1337 365 1397 formam
395 1335 531 1398 laudibus
560 1331 716 1400 celebrere
746 1335 872 1398 voluisse
894 1345 982 1417 poeta
1004 1345 1087 1399 recte
1109 1343 1390 1406 seruaturumen

239 1456 298 1499 non
322 1446 381 1500 tem
404 1439 515 1499 amoris
536 1441 638 1500 vesani
661 1447 690 1500 et
718 1438 845 1502 infelicis
868 1447 1096 1502 monumentum
1122 1457 1209 1519 quam
1241 1437 1391 1500 iucundae

240 1541 313 1600 artis
334 1542 487 1620 specimen
509 1537 761 1617 elegantissimum
787 1541 894 1603 edendi
917 1540 1072 1603 eonsilium
1095 1537 1218 1618 loit**).

327 1657 516 1739 Repetuntur
528 1667 627 1721 autem
640 1660 763 1723 formosi
775 1658 905 1723 Alexidis
920 1660 1023 1722 laudes
1039 1660 1223 1740 acorydone
1238 1661 1269 1721 in
1286 1659 1391 1736 ecloga

237 1763 339 1838 septi
343 1777 399 1822 mo
428 1761 464 1842 (v.
480 1758 523 1824 55
538 1760 604 1844 sq.),
628 1771 658 1824 et
680 1765 792 1825 cantari
809 1781 859 1824 eas
876 1781 967 1825 verno
984 1771 1120 1842 tempore
1136 1763 1256 1824 frnrisse
1270 1770 1391 1841 poetam

239 1850 375 1924 versibus
396 1859 416 1924 6
439 1871 469 1924 et
494 1861 532 1927 13
555 1865 696 1928 efficitur:
726 1872 882 1946 praeterea
910 1862 993 1926 nibil.
1046 1863 1135 1926 Nihili
1165 1865 1245 1926 enim
1267 1865 1391 1925 omnino

240 1973 309 2026 sunt
331 1963 487 2027 bominum
510 1965 663 2029 doctorum
688 1969 843 2029 conamina
867 1986 903 2028 err
919 1975 1043 2028 naturae
1066 1965 1316 2046 descriptionibus
1341 1966 1390 2027 lrir.

239 2065 301 2128 illic
323 2068 444 2129 insertis
466 2069 580 2148 ipsum,
604 2072 629 2130 si
653 2069 698 2131 dis
726 2068 839 2150 placet,
869 2065 1007 2131 mensem
1031 2085 1089 2147 quo
1112 2067 1227 2147 singula
1256 2069 1390 2148 carmina

238 2169 348 2247 scripta
374 2187 440 2230 esse
462 2189 585 2232 necesse
608 2173 646 2233 sit
669 2170 815 2232 eliciendi.
845 2170 947 2249 ltaque
970 2172 1125 2250 septimam
1149 2173 1260 2233 scimus
1282 2189 1389 2232 recen·

243 2272 348 2332 noran
371 2271 517 2342 secunda,
545 2274 744 2351 antiquiorem
767 2273 885 2343 ultima,
915 2273 944 2335 lr.
969 2292 995 2334 e.
1026 2273 1139 2334 decime
1170 2291 1250 2344 esse,
1286 2273 1391 2352 etqui

240 2371 405 2453 Corydonis
427 2373 546 2444 lamam,
569 2392 645 2454 quae
669 2394 704 2436 eo
726 2381 862 2455 tempore
884 2382 953 2436 nata
976 2392 1041 2436 esse
1063 2375 1171 2436 dicitur
1195 2374 1231 2450 (v.
1254 2371 1321 2452 70),
1352 2374 1389 2436 erl

242 2474 364 2553 Vergilii
386 2476 491 2553 poesin
512 2475 702 2538 referendam
727 2495 792 2538 esse
814 2479 961 2548 statuerit,
985 2478 1110 2558 propius
1132 2475 1169 2538 ad
1192 2477 1275 2537 initia
1298 2495 1388 2556 quam

240 2574 277 2636 ad
300 2574 404 2638 ultima
425 2576 582 2639 bucolicae
604 2579 677 2640 artis
699 2579 863 2658 specimina
879 2578 1043 2659 Corydonis
1069 2597 1137 2640 curn
1153 2577 1300 2657 Thyrside
1322 2597 1389 2640 ocr-

237 2685 335 2739 tamen
359 2677 605 2760 collocabit***).

286 2855 287 2860 ,
320 2767 394 2860 llam
423 2801 572 2886 nascentis
600 2802 730 2863 rusticae
754 2763 874 2869 musae,
904 2800 956 2862 sed
985 2798 1103 2861 adultae
1131 2800 1190 2860 iarn
1217 2802 1290 2860 satis
1318 2819 1387 2863 curn

237 2898 372 2962 Pollione
395 2899 602 2963 familiaritatis
624 2903 804 2966 documenta
825 2906 967 2964 tertiae
988 2910 1058 2964 sunt
1079 2919 1182 2962 versos
1205 2898 1342 2964 84-91.

324 3019 473 3081 Secuntur
494 3021 669 3101 rapinarum
693 3024 778 3084 annis
801 3019 864 3084 713
887 3031 917 3084 et
940 3018 1003 3082 714
1024 3021 1169 3082 factarum
1193 3033 1386 3084 monumenta

241 3120 361 3201 eclogae
378 3124 510 3199 prima
533 3129 562 3182 et
584 3140 694 3186 nona.
734 3123 899 3185 Inruebant
915 3125 993 3184 enim
1010 3142 1044 3183 ee
1060 3117 1236 3201 tempestato
1252 3123 1396 3186 veterani

239 3224 268 3283 in
292 3222 422 3286 colonias
438 3230 529 3284 totam
544 3224 728 3303 perltaliem
744 3224 911 3304 legionibus
926 3224 1044 3286 xxxiv
1063 3226 1286 3286 triumuirorum
1304 3229 1385 3288 irrssrr

237 3325 404 3402 adsignatas
426 3343 482 3386 nec
505 3329 639 3390 contenti
659 3329 739 3405 agris
761 3326 827 3406 lege
849 3327 905 3388 sibi
929 3329 1079 3388 concessis
1094 3329 1188 3388 vicine
1207 3319 1335 3409 quoqne,
1360 3333 1384 3391 si

235 3445 310 3507 quae
333 3427 377 3488 eis
400 3428 529 3488 maxime
551 3428 720 3506 placerent,
749 3431 776 3489 vi
805 3427 991 3507 occupabant
1014 3429 1145 3508 (Appian.
1171 3429 1199 3490 b.
1224 3450 1249 3490 3.
1274 3432 1298 3490 V
1324 3429 1385 3512 13),

308 3697 334 3766 *)
353 3701 401 3752 De'
415 3702 516 3753 ceteris
535 3701 674 3752 amoribus
692 3700 813 3769 Vergilii
831 3717 902 3768 quae
923 3665 1074 3770 indagasse
1096 3702 1150 3754 sibi
1173 3704 1249 3755 visua
1273 3710 1317 3756 est
1334 3704 1389 3758 Ge·

236 3784 359 3837 barnerus
376 3802 404 3852 p.
424 3788 457 3836 24
475 3787 710 3838 obtrectatoribus
728 3787 838 3853 reliqui.

293 3887 340 3958 aa)
359 3888 438 3950 Quod
450 3889 597 3955 Amyntam
612 3889 649 3952 (v.
662 3893 703 3944 35.
718 3890 761 3954 39)
780 3891 876 3940 nescio
890 3889 951 3956 quis
964 3890 1036 3957 apud
1049 3890 1173 3942 Servium
1187 3891 1387 3945 33131103τηί-

240 3973 330 4024 ficiam
358 3979 468 4040 poetam
488 3975 665 4040 intellegere,
693 3975 739 4041 qui
768 3991 840 4026 enno
859 3977 908 4026 713
937 3979 1058 4025 mortuus
1086 3979 1137 4041 cel,
1164 3993 1253 4043 nugas
1279 3978 1389 4030 violetur

235 4060 392 4124 protulisse.

276 4163 341 4226 ***)
360 4161 443 4212 Codri
462 4177 581 4230 perrona
599 4177 625 4218 v.
649 4165 682 4214 22
707 4163 753 4228 qui
773 4163 949 4214 Cornificium
973 4169 1082 4230 poetam
1107 4165 1184 4229 tangi
1206 4180 1294 4232 prere
1317 4181 1386 4218 sane

234 4249 398 4298 coniectura
421 4247 583 4312 voluerunt,
608 4249 632 4298 si
651 4247 761 4312 quidem
784 4250 894 4298 omnino
913 4253 1064 4314 temporam
1083 4251 1215 4300 rationem
1235 4251 1388 4318 braimbant,

234 4347 289 4381 non
308 4333 491 4384 recentiorem
512 4348 585 4382 auno
605 4335 669 4396 713,
698 4349 750 4398 quo
772 4333 822 4383 ille
845 4333 929 4398 obiit,
958 4334 1082 4398 eclogam
1109 4337 1253 4400 septimam
1282 4336 1386 4388 bebere

230 4414 379 4472 debebant.
