3038 4912
596 335 838 380 rnoncoouuuu.
1227 316 1287 382 123

95 595 98 602 ,
144 509 251 590 quihus
285 509 387 571 eadem
420 527 508 570 manu
542 515 694 570 correctus
721 509 751 568 R
777 507 907 576 accedit,
942 505 992 568 ubi
1021 439 1158 569 indoti
1193 515 1285 569 extat:

143 613 278 673 neutrius
300 631 316 672 a
339 611 474 692 partibus
501 617 581 672 stant
608 613 663 690 pb,
698 611 749 689 qui
776 612 880 671 ineoat
906 609 1031 678 habent,
1066 619 1143 687 quae
1173 610 1287 671 videtur

144 714 231 777 Gellii
252 722 348 776 aetate
371 711 459 792 (113)
483 713 611 791 vulgaris
634 711 818 774 consuetudo
839 713 941 775 luisse.

228 818 362 895 lienique
382 837 403 896 y
425 815 555 877 vocalem
577 815 700 876 Graecis
729 813 877 876 vocabulis
905 815 1102 876 necessariam
1138 833 1153 874 a
1177 814 1289 875 Latinis

144 918 249 1000 procui
275 918 415 980 babuisse
438 919 603 980 Modestum
631 919 656 978 si
685 935 721 978 ex
744 917 883 979 Clrarisii'
897 935 926 996 p.
951 913 993 977 80
1015 915 1047 977 Ρ.
1072 913 1153 995 (103,
1176 913 1218 978 28
1240 915 1287 992 li.)

145 1021 243 1082 verbis
264 1029 347 1082 recte
370 1020 514 1090 elicimus,
535 1022 565 1081 in
587 1019 643 1080 bac
665 1037 785 1100 quoque
807 1036 840 1080 re
857 1018 973 1090 videtur
985 1017 1089 1080 Verrio
1106 1007 1213 1081 Flacco
1235 1017 1287 1078 ad·

144 1133 277 1187 versatus
299 1143 378 1194 esse,
412 1125 468 1204 qui
485 1122 610 1184 eandem
639 1141 705 1186 esse
728 1121 807 1201 apud
829 1121 980 1183 llomanos
1002 1139 1023 1182 u
1044 1121 1185 1190 litteram,
1210 1137 1286 1198 quae

145 1227 223 1306 apud
246 1227 376 1288 Graecos
398 1244 421 1285 v
444 1233 536 1295 esset,
568 1224 711 1304 exemplis
734 1223 906 1304 probavisse
929 1224 1025 1285 fertur
1048 1223 1163 1284 aVelio
1186 1222 1288 1301 Longo

144 1348 172 1408 p.
196 1325 291 1390 2215.
336 1328 414 1406 lirgo
437 1328 617 1407 ubicumque
646 1323 911 1408 apud'llergiiium
940 1327 969 1386 in
993 1325 1115 1386 Graecis
1144 1324 1292 1386 vocabulis

143 1437 304 1508 yserrant
327 1431 453 1499 codices,
477 1429 543 1491 lulii
558 1429 693 1499 Modesti,
716 1428 767 1490 ubi
790 1448 810 1491 u
832 1427 961 1488 vocalem
979 1427 1170 1498 substituunt,
1195 1427 1292 1488 Verrii

147 1532 243 1595 Flacci
266 1534 471 1594 auctoritatem
494 1551 700 1612 agnoscemus.
744 1532 782 1593 lt
803 1537 889 1610 poete
912 1531 976 1610 ipse
999 1531 1124 1600 aurium,
1149 1531 1179 1592 ni
1196 1528 1292 1599 leliur,

145 1653 205 1697 non
229 1635 491 1714 grammaticorum
514 1635 654 1696 iudicium
677 1639 798 1694 secutus
821 1639 874 1693 est.

680 1869 756 1952 es.

231 2044 273 2104 lie
295 2045 329 2105 L.
353 2045 481 2105 Annaeo
504 2045 635 2105 Cornuto
663 2043 869 2105 dissecuerunt
890 2045 923 2107 0.
948 2045 1068 2108 Iahnius
1095 2045 1227 2126 prolegg.
1257 2045 1293 2106 ad

147 2147 280 2208 Persium
310 2165 338 2225 p.
364 2131 427 2206 Vlll
449 2163 513 2226 sqq.
544 2151 574 2206 ct
598 2144 776 2207 Vilioisonus
802 2148 833 2208 in
862 2147 1082 2227 prolegomenis
1110 2148 1145 2208 ad
1169 2148 1293 2209 Cornuti

147 2249 185 2308 de
208 2255 314 2308 natura
338 2247 464 2312 deorum
488 2245 597 2308 librum
622 2266 697 2328 quae
719 2250 800 2310 auxit
815 2249 962 2311 Osannus.
998 2250 1125 2330 Scripsit
1147 2251 1242 2312 Persii
1265 2257 1293 2311 et

147 2350 258 2412 Lucani
281 2358 473 2430 praeceptor,
504 2348 702 2438 philosophus
731 2349 809 2412 idem
839 2360 869 2413 et
896 2352 1000 2413 rhetor
1023 2360 1053 2414 et
1074 2354 1292 2432 grammaticus

151 2453 300 2540 Aeneidos
329 2454 574 2528 commentarios,
605 2471 733 2531 quorum
761 2472 777 2514 a
801 2453 934 2515 Charisio
960 2473 988 2534 p.
1021 2451 1081 2515 102
1111 2459 1294 2516 memoretur

147 2557 225 2615 liber
247 2556 388 2628 decimus,
415 2573 469 2615 nec
493 2553 627 2617 diversus
649 2554 686 2616 ab
710 2573 746 2616 eo
761 2553 917 2617 habendus
932 2559 982 2637 qui
999 2557 1086 2636 paulo
1102 2564 1170 2616 ante
1186 2576 1215 2636 p.
1234 2553 1295 2618 100

149 2655 185 2718 eb
209 2656 313 2717 eodem
337 2664 520 2718 memoratur
543 2656 675 2718 eiusdem
699 2660 743 2719 cd
763 2659 905 2720 italicum
934 2661 972 2720 cle
1000 2662 1133 2736 Vergilio
1154 2661 1230 2720 liber
1252 2659 1292 2719 Χ.

150 2745 290 2820 italicum
306 2767 388 2820 reete
412 2757 625 2820 intellexerunt
639 2759 745 2821 Silium
768 2768 885 2840 poetam
909 2761 986 2822 inter
1002 2763 1153 2842 principes
1169 2763 1294 2823 civitatis

149 2860 276 2921 honesto
299 2862 360 2920 otio
383 2860 527 2929 tructam,
557 2863 607 2939 qui
631 2867 740 2939 quanta
762 2862 923 2940 Vergilium
953 2865 1143 2925 veneratione
1170 2862 1296 2925 coluerit

150 2981 216 3024 cum
239 2963 298 3041 ipsi
321 2980 357 3022 ex
381 2960 532 3040 diligentia
555 2980 612 3040 que
634 2963 764 3023 imitatus
787 2971 832 3024 est
853 2962 936 3024 illum
960 2967 1116 3026 aestimare
1138 2983 1296 3045 possumus

151 3070 212 3124 tum
228 3062 341 3124 Plinius
365 3061 497 3141 aequalis
518 3065 548 3125 in
572 3063 695 3145 epistola
719 3065 758 3126 lll
781 3064 809 3135 l,
833 3063 853 3127 8
876 3066 1040 3146 descripsit.
1068 3055 1158 3129 ‘Nam
1176 3067 1294 3145 Vergilii

150 3166 299 3244 imagines
321 3147 390 3226 ante
413 3183 516 3226 omnes
532 3182 604 3244 quas
620 3176 770 3228 coemerat
792 3167 988 3229 venerabatur
1014 3167 1152 3246 diemque
1168 3167 1294 3231 natalem

151 3268 215 3328 eius
238 3267 409 3345 religiosius
431 3286 519 3348 quam
542 3287 628 3331 suum
652 3268 830 3339 celebrabat,
854 3269 977 3349 Neapoli
1000 3273 1135 3341 menime,
1160 3269 1211 3331 ubi
1233 3289 1295 3332 mo·

149 3372 318 3431 nimentum
342 3370 407 3430 eius
430 3369 511 3431 adire
535 3378 567 3430 ut
588 3370 731 3450 templum
753 3370 896 3433 solebat'
941 3372 1034 3444 Quam
1058 3375 1195 3454 pictatem
1219 3373 1294 3435 llar-

151 3471 229 3532 tialis
253 3471 368 3534 duobus
391 3470 613 3552 epigrammatis
635 3471 730 3535 x148
745 3493 789 3555 sq.
812 3473 972 3554 praedicet,
996 3494 1123 3553 quorum
1146 3477 1296 3556 posterius

150 3575 194 3635 sic
217 3574 435 3636 restituendum
459 3592 581 3636 censeo:

302 3716 356 3771 iam
378 3731 465 3789 prope
488 3714 611 3772 desertus
635 3716 740 3772 cineres
763 3723 905 3774 et·sancta
928 3717 1045 3774 llaronis

353 3799 464 3856 nomina
488 3801 533 3875 qui
557 3801 676 3867 coleret,
699 3797 803 3876 pauper
825 3810 852 3857 et
874 3819 946 3858 unus
969 3811 1035 3860 erat.
1150 3859 1153 3863 ,

304 3885 386 3942 Silius
409 3883 556 3962 orbatae⁸)
580 3903 741 3943 succurrere
764 3888 871 3943 censuit
894 3888 1019 3945 umbrae:
1093 3889 1097 3896 '

352 3969 424 4027 ilius
447 3966 529 4046 ut”)
551 3978 653 4034 vatem.
676 3988 730 4028 non
754 3974 842 4029 mium
864 3973 938 4047 ipse,
962 3971 1102 4050 coliem).

153 4137 454 4146 ——--——-—-—-

219 4236 248 4304 *)
267 4245 382 4305 optatae
403 4239 479 4292 codd.

203 4321 250 4388 ”l
270 4323 355 4374 Silius
374 4328 402 4374 et
419 4327 494 4379 redd.
508 4323 593 4375 Silius
606 4329 636 4375 ui
648 4329 688 4380 ed.
702 4327 881 4378 Ferrariensia
893 4345 917 4383 a.
933 4331 996 4380 ¹471
1017 4329 1104 4380 Filius
1118 4343 1151 4379 en
1166 4331 1296 4383 Heinsius.

191 4404 254 4470 W)
273 4422 328 4457 non
347 4409 435 4460 minor
452 4411 513 4475 ipse
532 4409 601 4461 colit
619 4413 735 4463 Parisino·
750 4428 838 4476 margo
862 4428 914 4463 uon
931 4414 1021 4463 minua
1034 4414 1093 4478 ipse
1107 4413 1172 4466 tulit
1190 4415 1263 4468 codd.

386 4495 397 4526 0
