2962 4904
238 345 261 408 8
692 357 934 402 anouaooucmt.

238 533 295 596 sibi
317 531 439 595 inlatam
462 531 669 610 conqueritur,
693 538 726 590 ut
749 529 914 590 carminum
938 527 1134 606 quorundam,
1159 545 1235 606 quae
1258 533 1387 594 maxime

237 637 414 715 imperatori
437 633 586 714 placuisse
615 631 708 692 videri
736 639 875 712 possunt,
906 632 1080 692 memoriam
1108 630 1212 694 lectori
1241 635 1326 711 qnasi
1354 634 1385 696 in

237 740 368 798 crannum
391 743 521 800 revocet.
560 733 714 800 Menalcan
730 735 810 796 enim
825 752 886 796 non
901 741 1060 813 pastorem,
1084 733 1136 796 sed
1152 736 1249 813 ipsum
1264 743 1384 815 poetam

238 849 373 901 nostrum
396 837 630 918 intellegendum
653 855 719 900 essa
743 838 830 898 etiam
854 838 1003 917 expressis
1019 835 1116 898 verbis
1132 835 1281 898 adnotavit
1293 837 1385 909 Quin·

238 942 358 1004 tilianus
380 941 444 1002 Vlll
466 938 496 1009 6,
519 937 572 1003 47.
615 939 656 1002 Ac
679 947 742 1001 tum
763 938 954 1002 mediocriter
976 938 1073 1001 adhuc
1095 946 1177 1010 noto,
1208 949 1242 1002 ut
1263 941 1303 1002 ait
1325 942 1386 1003 Do·

238 1052 326 1106 uatus
347 1063 377 1124 p.
400 1040 452 1114 59,
475 1039 496 1105 5
518 1044 564 1114 ll„
588 1059 677 1121 opem
700 1041 767 1104 tulit
788 1042 943 1120 Maecenas
966 1042 1014 1124 (cl.
1030 1040 1172 1104 Martialis
1194 1042 1259 1104 Vlll
1280 1040 1331 1114 56,
1355 1041 1386 1114 9,

236 1163 419 1226 quamquam
438 1145 486 1206 his
508 1146 538 1206 in
561 1145 652 1207 rebus
674 1146 835 1207 auctoritas
858 1146 921 1207 eius
944 1142 1033 1214 nulla,
1057 1152 1088 1206 et
1109 1163 1202 1206 carm.
1225 1145 1262 1206 ad
1284 1146 1385 1208 Pison.

223 1246 301 1316 ’218
323 1249 399 1329 sqq.)
423 1247 600 1328 videturque
622 1249 785 1328 pervicisse
807 1256 840 1308 ut
863 1255 950 1326 poeta
965 1245 1071 1310 saltem
1086 1249 1116 1310 iu
1131 1248 1281 1326 integrum
1298 1249 1387 1310 resti·

239 1359 391 1416 tueretur.

322 1503 380 1566 Sed
403 1503 537 1582 quamvis
560 1501 662 1564 laudes
684 1503 837 1564 beneficiis
861 1506 959 1564 minus
986 1523 1075 1583 quam
1098 1523 1167 1585 spes
1200 1493 1298 1567 luerat
1321 1524 1387 1567 me·

237 1610 361 1676 ruisset,
395 1625 454 1668 non
485 1624 553 1667 eum
582 1623 615 1665 se
638 1605 747 1667 Varum
775 1607 904 1684 gessisse
932 1613 964 1666 ut
992 1607 1140 1667 amicitiae
1163 1625 1233 1668 cum
1255 1606 1388 1685 Vergilio

239 1709 387 1771 vinculum
419 1714 626 1787 rumperetur,
662 1707 749 1786 docet
777 1707 878 1788 ecloga
908 1715 1036 1786 sexta,
1071 1728 1129 1789 qua
1157 1710 1212 1771 etsi
1240 1708 1390 1790 splendidi

239 1811 319 1898 illius
347 1812 492 1892 poematis
517 1809 681 1871 ''consilium
711 1829 743 1872 se
772 1810 947 1889 deposuisse
975 1818 1064 1890 poeta
1098 1811 1271 1891 profitetur,
1308 1813 1389 1891 quod

201 1969 203 1972 .
239 1912 354 1974 scilicet
375 1912 497 1992 regibus
520 1921 549 1974 et
570 1911 693 1992 proeliis
721 1912 863 1974 canendis
892 1932 925 1974 se
953 1915 1091 1993 inparem
1117 1915 1258 1982 senserit,
1288 1922 1389 1976 tamen

240 2017 395 2095 prontissis
418 2017 459 2076 ita
481 2021 548 2085 stat,
572 2019 605 2075 ul
626 2013 791 2076 honorifico
815 2014 937 2076 exordio
959 2016 1123 2094 praemisso
1146 2013 1238 2076 Sileni
1260 2034 1390 2096 persona

241 2136 312 2179 osus
347 2116 507 2179 iucundam
537 2118 704 2194 communis
732 2118 866 2196 magistri
888 2117 1028 2198 Epicurei
1063 2117 1187 2198 Syronis
1214 2120 1390 2179 montorium

241 2221 334 2281 veteri
362 2217 456 2280 sodali
483 2221 567 2281 tenui
597 2217 766 2280 harundine
793 2219 961 2280 resuscitet.
1013 2218 1115 2298 (schol.
1142 2220 1251 2282 Veron.
1284 2240 1312 2300 p.
1337 2217 1388 2282 74.
1449 2283 1454 2306 ⁸

239 2319 317 2386 5ll.
363 2321 486 2401 Seruius
508 2321 544 2382 ad
568 2320 623 2381 ecl.
648 2319 683 2381 Vl
708 2317 747 2381 13
792 2321 898 2382 Donati
921 2323 978 2382 vita
1001 2339 1030 2402 p.
1053 2319 1105 2391 59,
1131 2320 1147 2382 1
1172 2339 1237 2402 sqq.
1261 2323 1307 2402 ll.)

326 2476 466 2538 Ceterum
490 2482 657 2536 memoratu
681 2481 763 2536 certe
786 2474 919 2551 dignum,
941 2475 1034 2538 fuisse
1058 2475 1162 2538 eodem
1177 2484 1314 2557 tempore
1330 2479 1390 2539 Lu·

240 2581 321 2640 cium
344 2576 491 2655 quendam
520 2579 635 2639 Varum
657 2575 847 2657 Epicureum,
871 2577 1006 2639 Caesaris
1028 2579 1165 2649 amicum,
1189 2580 1274 2642 cuius
1297 2579 1389 2652 Quin·

243 2679 362 2742 tiliauus
386 2679 421 2740 Vl
443 2677 473 2750 3,
498 2675 744 2742 remeationem
767 2678 854 2750 lecit,
884 2679 920 2742 de
950 2698 1011 2760 quo
1040 2699 1108 2741 cum
1136 2690 1291 2761 praeterea
1316 2681 1389 2745 nihil

242 2781 392 2845 traditum
406 2783 453 2851 sit,
483 2781 607 2842 relatui
628 2781 748 2860 quidem
777 2781 907 2844 lllassoni
935 2783 1121 2854 coniectura,
1138 2783 1249 2845 eidem
1277 2785 1389 2847 ailer-

244 2884 315 2964 gilio
344 2884 477 2963 eclogam
514 2891 625 2945 sextam
665 2883 830 2946 dedicatam
865 2902 948 2959 esse,
989 2887 1079 2947 certis
1113 2888 1296 2965 argumentis
1327 2907 1389 2950 nou

242 2987 363 3067 poterit.
407 2986 445 3047 Ut
467 2987 518 3066 qui
532 2986 566 3048 L.
589 2985 734 3060 Alfenum
762 2989 878 3047 Varum
906 2985 995 3067 plano
1018 2989 1140 3049 nomine
1162 2988 1322 3070 appellavit
1342 2991 1390 3052 lo.

243 3090 392 3152 llenricus
414 3089 537 3149 Vossius
560 3086 596 3148 ad
620 3087 674 3149 ecl.
699 3088 735 3149 Vl
757 3109 786 3168 p.
809 3085 871 3150 291
901 3090 1022 3150 minime
1049 3090 1183 3152 videatur
1211 3091 1390 3170 aprobalai·
1420 3093 1421 3096 ’

244 3192 325 3255 litate
357 3189 528 3259 aberrasse;
563 3191 619 3251 nisi
653 3191 718 3270 quis
746 3192 823 3252 lorte
850 3191 1020 3253 Weicherto
1052 3192 1099 3271 (de
1127 3193 1159 3254 L.
1189 3195 1274 3258 Vario
1303 3203 1391 3272 poeta

243 3313 271 3374 p.
306 3292 375 3372 131)
410 3300 531 3355 auctore
559 3291 723 3372 Spaldingii
757 3295 958 3355 coniecturam
991 3293 1225 3374 probabiliorem
1252 3295 1392 3362 hahuerit

246 3381 290 3477 (in
320 3397 413 3476 prael.
445 3394 481 3457 ad
510 3393 685 3466 Quintiliani
719 3395 777 3456 vol.
807 3394 831 3456 ll
865 3415 894 3476 p.
924 3397 973 3458 vlt
1003 3396 1178 3477 prolatam),
1212 3416 1268 3480 qua
1296 3399 1391 3472 Quin·

246 3498 335 3569 tiliae,
364 3516 424 3560 non
446 3495 618 3558 Alienorum
642 3498 739 3577 gentis
761 3497 794 3558 L.
819 3497 912 3560 Varus
935 3498 1100 3577 Epicureus
1127 3501 1220 3562 luisse
1240 3503 1390 3565 statuitur.

244 3603 354 3664 Contra
391 3598 486 3678 qualis
522 3601 560 3660 sit
596 3602 864 3678 grammatistarum
901 3609 1094 3674 nostrorum,
1138 3605 1164 3664 si
1200 3603 1245 3665 dis
1280 3603 1390 3684 placet,

246 3704 382 3764 doctrina
405 3700 557 3763 luculento
580 3701 716 3783 exemplo
738 3703 847 3764 docent
869 3723 902 3766 ea
926 3721 1002 3782 quae
1024 3706 1055 3765 in
1071 3706 1220 3767 Serviauis
1242 3705 1278 3767 ad
1301 3725 1327 3766 a.
1352 3705 1390 3769 11

246 3805 333 3868 lituus
357 3804 477 3882 eclogae
492 3803 613 3866 scholiis
636 3789 922 3869 ‘commentatores'
938 3789 1062 3884 narrare
1077 3809 1225 3872 leruutur.
1256 3807 1392 3890 Cytheris

247 3909 390 3971 nimirum
418 3908 576 3978 meretrix,
612 3925 700 3986 quam
728 3911 759 3970 in
787 3909 888 3988 ecloga
911 3908 937 3970 X
958 3908 1105 3992 Lycorida
1127 3913 1289 3984 vocaverit,
1319 3931 1391 3974 eum

247 4020 349 4092 postea
372 4012 403 4070 in
426 4006 544 4072 theatro
559 4010 636 4072 lianc
651 4009 689 4072 de
704 4011 805 4072 Sileno
819 4018 977 4082 cantasset,
1001 4013 1200 4094 stupefactum
1216 4014 1392 4076 Ciceronem

249 4115 336 4175 cuius
359 4119 439 4174 esset
460 4113 650 4192 requisivisse
673 4122 785 4175 etcum
802 4133 869 4175 eum
885 4113 1005 4176 tandem
1019 4114 1177 4196 aliquando
1192 4117 1390 4196 cognovisset,

247 4217 357 4278 dixisse
381 4222 410 4276 et
425 4214 461 4276 ad
476 4232 561 4276 suam
584 4224 614 4275 et
629 4215 664 4276 ad
679 4214 759 4276 illius
774 4214 893 4278 landem
908 4221 1051 4296 ‘magnae
1067 4237 1136 4298 spes
1151 4216 1243 4279 altera
1255 4218 1390 4292 Romae’,

248 4318 328 4399 quod
351 4325 454 4399 postea
476 4336 492 4377 a
516 4315 644 4396 Vergilio
668 4318 703 4379 ad
725 4319 885 4382 Ascanium
905 4317 1090 4402 [translatum
1114 4339 1189 4382 esse.
1234 4319 1317 4400 (den.
1339 4321 1391 4386 llll

247 4417 329 4497 168.)
375 4418 494 4480 Scilicet
516 4428 676 4499 postquam
699 4421 827 4502 primum
844 4441 922 4484 anno
938 4424 968 4484 ni
984 4421 1071 4484 fallor
1088 4420 1150 4485 ’114
1164 4423 1287 4486 ineunte
1301 4435 1389 4506 poeta
