2956 4906
540 367 782 412 rnounoounns.
1170 351 1232 416 183

84 539 164 602 num
192 537 283 600 alveis
311 547 343 600 ut
370 556 438 599 cum
462 538 575 599 Seneca
598 537 728 616 Vergilio
756 540 929 600 conveniret
951 541 1021 601 Aen.
1046 539 1086 601 lx
1107 537 1146 600 31
1177 542 1231 600 im·
1337 547 1339 552 ’

85 644 165 702 mani
198 640 363 720 hyperbato
392 641 489 703 Nilum
524 637 706 720 praecedere
734 641 854 718 Gangen
889 643 1003 719 coegit,
1039 641 1095 702 hoc
1128 642 1233 702 ordine

85 742 261 804 verborum:
291 747 516 822 ‘consurgens
537 748 652 821 septem
675 740 811 802 amnibus
833 740 918 802 Nilus
945 750 996 803 aut
1018 744 1152 821 Ganges’
1183 743 1230 819 (cl,

85 863 160 926 qnae
184 863 273 924 supra
296 845 333 905 de
356 845 392 906 Vl
414 841 477 907 339
499 845 704 922 narravimus).
735 844 820 922 Apud
836 843 999 907 Varronem
1020 864 1088 906 cum
1112 845 1232 925 legisset

19 997 20 1000 η
84 963 115 1021 jn
139 946 267 1008 Lucania
296 949 375 1008 circa
398 929 536 1018 lluvium,
566 948 614 1024 qui
637 945 723 1009 Calor
751 955 885 1017 vocatur,
916 947 1026 1008 aditum
1055 948 1091 1008 ad
1119 950 1233 1009 interos
1285 1015 1286 1018 Ἴ

85 1050 253 1118 monstrari,
277 1048 357 1109 hunc
379 1050 565 1127 potissimum
589 1047 687 1108 locum
710 1049 811 1108 nescio
835 1064 892 1125 que
914 1048 951 1108 de
967 1067 1055 1109 causa
1073 1050 1233 1128 Vergilium

85 1169 201 1230 quoque
225 1149 275 1211 Vll
296 1146 359 1211 563
382 1147 552 1212 describere
575 1147 741 1218 contendit,
772 1151 906 1229 quamvis
934 1149 1115 1210 abhorreant
1143 1169 1158 1210 a
1182 1150 1233 1212 tali

84 1253 225 1330 opinione
248 1249 337 1311 verba
361 1251 425 1312 ‘est
446 1251 529 1313 locus
550 1250 651 1311 ltaliae
673 1251 786 1311 medio'
812 1269 867 1311 nec
890 1259 1008 1312 montes
1031 1251 1152 1313 omnino
1173 1251 1233 1313 illic

85 1355 154 1422 sint,
178 1352 235 1414 sub
259 1351 365 1432 quibus
390 1361 487 1413 tamen
510 1353 591 1413 hunc
612 1351 710 1412 locum
733 1352 824 1414 luisse
846 1360 934 1432 poeta
958 1352 1037 1414 dicit.

169 1471 300 1532 Helenor
323 1491 338 1533 a
363 1479 456 1532 matre
479 1490 563 1534 servs
585 1475 681 1533 vetitis
703 1471 739 1531 ad
763 1472 882 1532 Troiam
912 1474 1003 1533 armis
1025 1474 1135 1534 missus
1159 1472 1231 1533 dici·

84 1582 134 1635 tur
156 1572 193 1634 lx
217 1570 294 1634 547:
331 1573 462 1634 Donatus
490 1592 556 1634 cum
584 1579 688 1634 'servos
716 1591 837 1652 quoque
870 1573 1021 1635 interdum
1055 1573 1230 1635 militavisso

84 1676 206 1752 legisset
229 1682 383 1735 eteorum
407 1674 533 1735 fortasse
556 1674 770 1755 exemplorum,
794 1693 869 1753 quae
892 1674 1061 1736 Macrobius
1076 1675 1136 1737 Sat.
1153 1675 1164 1734 l
1182 1673 1230 1744 11,

84 1773 127 1838 30
149 1792 213 1853 sqq,
237 1777 396 1854 congessit,
419 1778 621 1846 meminisset,
649 1794 708 1837 non
731 1776 797 1855 lege
820 1776 955 1846 militari,
986 1777 1037 1838 sed
1060 1777 1121 1837 lato
1144 1778 1232 1838 vetita

85 1896 167 1938 arma
189 1877 415 1956 interpretando
439 1898 454 1938 a
478 1887 584 1957 poetae
608 1877 817 1956 montelongo
840 1877 1002 1939 abhorruit.

169 1999 327 2074 Argutatus
350 2005 393 2058 est
415 1999 504 2059 etiam
527 1999 557 2057 in
580 1996 705 2075 singulis
728 1995 878 2058 rooahulis
900 1996 1097 2076 explicandis,
1120 2006 1154 2058 ut
1174 2016 1231 2058 usu

84 2101 149 2159 lere
171 2100 318 2160 sermonis
341 2098 436 2160 Latini
460 2102 592 2162 caruisse
614 2098 764 2168 videatur:
799 2115 857 2175 quo
881 2099 905 2158 si
929 2099 1093 2159 instructus
1116 2099 1230 2176 luisset,

84 2217 141 2260 nec
168 2206 286 2279 poterat
313 2203 481 2276 inpressum
510 2200 608 2261 balteo
631 2197 771 2260 Pallantis
800 2198 883 2260 nolas
906 2199 1068 2260 llanaidum
1100 2199 1183 2280 (Aen.
1206 2200 1233 2260 X

84 2297 157 2380 497)
187 2319 327 2380 perverso
355 2320 446 2363 sensu
473 2306 644 2364 ‘coactum’
671 2295 729 2362 nec
758 2302 788 2360 in
816 2318 861 2378 ge.
887 2293 1012 2369 11514,
1048 2301 1098 2361 ubi
1130 2309 1231 2363 aratro

85 2402 212 2481 agricola
236 2405 361 2482 patriam
383 2419 550 2483 parvosque
574 2410 695 2482 penates
718 2403 866 2462 sustinere
888 2400 1006 2470 dicitur,
1025 2405 1161 2478 petriam
1184 2404 1230 2462 in·

85 2506 245 2582 terpretari
269 2503 374 2573 villam,
399 2506 481 2584 quasi
503 2523 563 2565 non
586 2523 640 2565 suo
656 2505 782 2584 quisque
804 2501 906 2564 labore
927 2505 1083 2565 universae
1106 2506 1231 2566 civitatis

84 2606 191 2666 iamem
215 2605 335 2666 levaret.
692 2603 695 2608 ’

170 2706 348 2785 Simplicem
374 2725 494 2769 sensum
529 2714 705 2786 aspernatus
738 2713 782 2766 est
816 2707 903 2765 etiam
937 2707 968 2764 in
997 2705 1069 2766 den.
1093 2703 1232 2768 x11585

85 2807 324 2886 interpretando,
359 2808 409 2869 uhi
437 2808 560 2870 distrahi
590 2807 761 2869 rumoribus
788 2805 924 2885 malignis
952 2807 1090 2868 Latinum
1118 2811 1230 2877 statuit,

85 2929 173 2990 quem
195 2911 281 2969 troili
300 2911 379 2988 inter
402 2909 612 2988 trepidantium
636 2908 784 2969 discordia
808 2915 837 2968 et
859 2909 966 2968 timore
989 2910 1096 2969 civium
1120 2908 1228 2970 tumul·

86 3020 148 3072 tum
172 3014 203 3072 in
223 3001 349 3073 'moenia
378 3017 549 3071 narraverat
577 3009 711 3089 poeta*).
764 3009 874 3069 Eodem
904 3016 1031 3088 spectat,
1067 3009 1144 3088 quod
1168 3009 1232 3070 Vlll

85 3108 148 3174 333
170 3115 200 3172 in
225 3112 322 3173 verbis
347 3115 526 3189 ‘peteretque
549 3119 680 3172 extrema
697 3112 889 3188 sequentem'
913 3108 1016 3170 maluit
1038 3112 1229 3188 interpretari

85 3215 133 3273 ‘in
163 3212 283 3293 pelago'
319 3212 362 3274 vel
398 3215 468 3293 ‘per
501 3213 642 3292 pelagus’
677 3220 808 3272 extrema
841 3221 1015 3290 sequentem
1045 3229 1131 3291 quam
1163 3230 1230 3272 cum

85 3314 172 3393 vulgo
195 3317 377 3392 coniungere
410 3316 560 3376 ‘extreme
584 3314 713 3392 pelagi’3
743 3319 772 3373 et
800 3311 879 3388 quod
902 3312 928 3373 x
949 3308 1012 3372 463
1040 3313 1069 3372 in
1092 3311 1232 3374 Pallantis

85 3435 153 3478 cum
183 3417 285 3478 Turno
315 3415 481 3476 dimicaturi
509 3414 649 3494 precibus
680 3415 901 3493 ‘victoremque
933 3413 1042 3486 serant
1074 3414 1230 3474 morientia

83 3517 194 3577 lumina
211 3518 321 3578 'lurni’
343 3519 531 3577 ruminarent
550 3516 707 3584 intellexit,
731 3533 791 3575 non
813 3517 988 3577 sustineant.
1020 3515 1124 3574 llerito
1148 3514 1230 3575 deni-

84 3636 142 3696 que
167 3619 349 3697 vituperatur
371 3637 387 3678 a
411 3617 522 3686 Servio,
547 3617 625 3697 quod
648 3621 737 3678 tonas
758 3625 913 3694 sequentes
935 3619 1043 3677 ordine
1065 3633 1111 3693 ge.
1133 3616 1146 3675 l
1168 3611 1232 3676 424

84 3728 187 3782 noctes
217 3721 318 3780 statuit
348 3737 412 3779 esse
440 3718 518 3779 diem
549 3728 723 3799 sequentes,
759 3737 826 3780 cum
854 3718 941 3780 lunae
970 3719 1048 3778 vices
1079 3723 1108 3777 et
1137 3717 1232 3777 varias
1272 3717 1279 3732 '

85 3823 197 3882 formas
220 3820 352 3898 intellegi
376 3819 502 3880 volucrit
524 3827 620 3898 poeta.
646 3811 648 3816 ’
943 3809 944 3812 “

152 4141 176 4205 *)
193 4142 236 4192 Ex
259 4141 315 4193 elio
340 4143 537 4194 commentario
560 4147 669 4208 sumpto
693 4147 756 4192 sunt
781 4140 871 4192 Servii
893 4140 964 4191 haec
987 4139 1022 4190 ad
1045 4142 1113 4190 Aen.
1136 4140 1233 4190 11480

84 4231 168 4278 ‘oelltt
192 4242 246 4277 non
270 4226 374 4278 deiecit
393 4271 398 4281 ,
420 4270 425 4282 ,
447 4271 451 4280 .
473 4227 523 4277 sed
546 4232 637 4278 movet
656 4271 661 4280 .
683 4271 688 4281 ,
709 4271 715 4282 ,
739 4224 793 4290 (vel
818 4231 893 4276 certe
916 4224 1022 4276 vellere
1045 4223 1104 4274 vult
1127 4227 1157 4272 ut
1179 4224 1232 4273 xli

87 4312 146 4363 585.
182 4327 247 4361 nem
267 4325 351 4376 quere
371 4311 440 4362 fecit
458 4308 666 4378 fenestram?)'.
694 4313 725 4364 ln
743 4311 796 4362 hoc
814 4311 886 4363 enim
905 4309 1043 4366 ‘trahunt’
1063 4308 1231 4378 explicatum

84 4396 139 4452 tuit
157 4395 285 4450 ‘trahere
303 4395 423 4454 volunt'‚
