3038 4912
244 337 304 403 154
689 359 935 402 enonnuosnrnn.

242 529 345 592 eadem
367 531 482 591 ratione
505 527 583 609 apud
600 526 760 606 Vergilium
776 524 942 604 pollicitu’s
964 529 1171 597 correxissent,
1196 526 1389 588 ‘archaismo’

187 701 190 716 .
240 631 354 694 scilicet
377 630 545 691 nitidissimi
568 637 673 710 poetae
697 647 867 692 sermonem
890 631 1061 709 corrupisse
1077 629 1225 708 berghius
1242 631 1387 707 queritur.

326 732 530 794 Archaismunr
554 731 674 809 quidem
697 751 786 812 quem
800 732 878 794 dicat
893 733 1010 792 nescio:
1035 750 1071 791 er
1087 730 1224 792 familiari
1239 750 1388 800 sermone,

244 836 281 897 de
304 853 364 914 quo
380 833 560 896 ltitsehelius
582 832 652 893 olim
675 835 706 892 in
728 833 1048 914 p1·olegg.Trinnmmi
1070 853 1099 913 p.
1123 832 1197 895 CVII
1220 850 1264 911 sq.
1288 831 1388 913 dispu-

242 939 319 1009 tavit,
343 939 500 1017 repetitam
524 935 696 997 vocularum
724 943 768 997 est
797 944 826 997 et
852 955 884 998 es
906 935 1082 1015 aphaeresin
1112 935 1210 1004 video,
1244 934 1295 996 sed
1324 953 1389 996 eam

241 1039 377 1120 plurimis
401 1037 545 1119 exemplis
573 1057 589 1098 a
613 1036 765 1118 dactylicis
788 1039 884 1118 poetis
906 1045 966 1100 tarn
988 1057 1095 1100 aureae
1118 1055 1207 1118 quarn
1231 1044 1390 1116 argenteae

240 1143 346 1204 aetatis
370 1149 529 1220 receptam.
574 1141 615 1201 hc
642 1141 748 1200 tertiae
775 1159 923 1220 personae
951 1139 1145 1202 coalescentis
1173 1158 1240 1201 cnm
1271 1148 1388 1202 antece-

242 1243 325 1305 denti
352 1241 497 1304 rocahulo
526 1241 663 1322 exempla
685 1241 852 1321 Vergiliana
882 1251 912 1303 et
942 1243 1108 1322 Wagnerus
1139 1241 1271 1320 orthogr.
1303 1243 1389 1320 Verg.

241 1342 304 1407 433
326 1363 370 1424 sq.
395 1345 531 1405 tractarit
553 1352 583 1405 et
605 1363 621 1404 a
644 1362 693 1404 me
709 1327 834 1405 collecta
857 1346 990 1406 invenies
1012 1346 1044 1405 in
1066 1345 1173 1405 indice.
1203 1345 1265 1405 Nec
1286 1362 1390 1424 repre-

242 1447 346 1510 hendit
370 1446 578 1508 Lachmannns
601 1445 638 1507 ad
660 1445 748 1508 Luer.
772 1442 814 1507 66
830 1465 874 1527 sq.
899 1441 960 1507 199
975 1464 1019 1524 sq.
1044 1455 1094 1508 aut
1109 1447 1257 1508 Lucianns
1272 1444 1391 1507 hlolitor

243 1568 312 1611 ann.
346 1548 460 1628 philoll.
497 1544 577 1610 1857
612 1567 640 1628 p.
663 1545 725 1610 481
749 1567 813 1628 sqq.
849 1555 879 1608 et
912 1547 948 1608 de
982 1567 1016 1608 re
1049 1550 1173 1610 metrica
1201 1567 1230 1628 p.
1261 1545 1325 1610 302
1347 1566 1391 1627 sq.

243 1649 392 1712 secundae
420 1669 565 1729 personae
595 1658 664 1730 post
691 1649 822 1712 vocalem
857 1649 1049 1731 aphaeresin,
1084 1668 1171 1730 qnam
1202 1648 1334 1712 Catullus
1360 1651 1391 1710 in

213 1749 406 1830 pollicitos
432 1750 523 1813 mea's
545 1750 694 1829 adeptas,
724 1752 899 1831 Propertius
926 1755 957 1813 in
986 1750 1084 1823 deu's,
1114 1750 1255 1814 Martialis
1282 1753 1313 1812 in
1343 1770 1391 1813 ue·

242 1854 330 1918 tuto's
364 1852 483 1929 satua’s
515 1851 628 1916 homo's
661 1853 766 1916 formis
797 1856 929 1935 quamvis
961 1873 1030 1916 raro
1064 1854 1256 1916 admiserunt.
1313 1852 1391 1925 Quid

244 1957 324 2038 qnod
367 1956 444 2036 apnd
481 1955 628 2018 Catullum
672 1956 704 2016 in
741 1955 997 2036 hendecasyllabis
1036 1956 1130 2019 llell
1166 1952 1207 2017 27
1245 1955 1392 2034 berghius

241 2061 306 2139 ipse
338 2060 397 2120 tam
430 2061 504 2119 satis
535 2055 649 2119 beutu's
682 2059 774 2120 scribi
795 2059 900 2120 iussit?
942 2077 980 2120 ne
1013 2058 1110 2120 dicam
1143 2056 1180 2118 de
1203 2058 1308 2127 Ennio,
1344 2058 1392 2118 cui

241 2160 390 2222 Vahlenus
416 2157 531 2233 fretu’s
565 2159 644 2239 (ann.
668 2156 719 2238 29)
750 2159 969 2222 restituendum
999 2178 1066 2222 csse
1094 2161 1223 2220 coniecit
1252 2160 1284 2220 in
1314 2177 1390 2220 mus.

242 2262 337 2324 Rhen.
361 2259 520 2324 7771574.
571 2261 656 2342 Apud
680 2259 843 2339 Vergilium
867 2271 965 2323 autem
991 2264 1145 2339 pollicitus
1174 2280 1231 2341 pro
1261 2260 1393 2322 secunda

245 2383 373 2445 persona
397 2364 523 2444 perlecti
545 2382 605 2424 non
628 2365 726 2424 minus
748 2370 830 2424 certo
859 2362 1029 2425 habendum
1053 2381 1142 2441 quarn
1164 2381 1273 2426 exosus
1294 2365 1325 2424 in
1347 2363 1394 2424 his

242 2469 315 2529 hen.
340 2464 362 2548 ll
385 2462 447 2527 687
472 2465 624 2544 ‘luppiter
647 2466 850 2544 omnipotens,
880 2467 905 2526 si
932 2464 1065 2526 nondnrn
1095 2475 1214 2526 exosu's
1241 2464 1278 2526 ad
1301 2482 1392 2525 unum

246 2567 405 2629 Troianos’
430 2574 460 2626 et
481 2569 610 2628 laetatus
623 2567 696 2627 inll
719 2563 779 2629 827
804 2572 903 2629 ‘anna
927 2566 1034 2644 quihus
1056 2565 1193 2629 tuetotu’s
1215 2565 1291 2628 habe
1313 2570 1392 2628 tna'.

246 2668 335 2731 Nullo
369 2667 475 2729 borum
504 2668 640 2729 locorum
669 2669 783 2749 antiqui
809 2671 990 2748 interpretes
1021 2669 1180 2747 quidquam
1215 2667 1395 2730 difficultatis

244 2790 311 2833 esse
333 2779 502 2832 senserunt.
547 2771 609 2831 lam
631 2772 722 2849 igitur
745 2772 826 2850 optio
849 2771 926 2842 data,
951 2779 1049 2833 utrum
1073 2771 1156 2841 dura,
1180 2777 1214 2832 ut
1234 2754 1393 2850 miht‘qui-

244 2874 312 2935 dem
335 2872 460 2944 videtur,
484 2891 541 2934 nec
565 2874 692 2934 omissae
715 2875 820 2935 tertiae
842 2872 926 2934 verbi
942 2872 1117 2935 substantivi
1131 2890 1279 2953 personae
1295 2891 1394 2934 erem·

242 2975 336 3057 plis*)
360 2975 431 3036 satis
454 2982 602 3045 excusata,
627 2994 694 3037 cum
716 2977 746 3036 in
770 2974 816 3037 bis
841 2975 878 3036 de
900 2977 1047 3037 sententia
1063 2974 1191 3036 dubitari
1214 2993 1274 3035 non
1289 2975 1393 3055 possit,

246 3079 386 3139 omissam
409 3078 457 3138 bis
479 3077 552 3139 locis
574 3076 708 3139 voculam
732 3095 821 3140 esan
852 3077 997 3139 coaluisse
1025 3080 1055 3138 in
1088 3078 1236 3156 scriptura
1264 3094 1393 3157 quoqne,

253 3189 287 3242 ut
308 3181 373 3241 lieri
396 3179 511 3241 solebat
532 3181 562 3240 in
586 3181 838 3260 pronuntiatione,
863 3188 1036 3241 statuamus,

330 3281 391 3344 larn
415 3279 655 3342 vindobonensis
682 3280 732 3342 ille
761 3282 885 3342 criticus
913 3301 969 3342 nec
999 3283 1173 3344 asteriscum
1197 3299 1252 3340 nec
1275 3279 1395 3340 obelum

246 3387 396 3465 utrimque
429 3383 609 3464 adpunctum
637 3385 699 3444 sive
734 3380 908 3444 lemniscurn
945 3371 1077 3463 (ὀβελόν
1110 3376 1394 3461 περιεστιγμένον)

250 3505 284 3546 ea
307 3488 423 3547 ratione
446 3503 502 3565 qna
525 3483 599 3545 alios
622 3486 789 3564 accepimus
810 3503 957 3564 usurpare
980 3484 1083 3547 solitos
1106 3486 1219 3565 posuit:
1248 3503 1316 3545 nam
1341 3503 1396 3546 uec

245 3587 282 3648 de
312 3585 534 3665 transponendo
563 3605 618 3648 nec
644 3594 674 3646 te
704 3584 834 3647 tollendo
864 3605 951 3648 versu
980 3594 1098 3668 poterat
1126 3587 1266 3665 cogitare.
1318 3586 1396 3647 Num

246 3687 474 3769 Aristophanem
508 3695 628 3749 secutus
661 3690 730 3768 quia
764 3707 883 3750 sensum
923 3689 1027 3750 deesse
1064 3687 1188 3769 putabat
1221 3689 1395 3750 asteriscum

245 3792 395 3872 posuerit,
430 3787 627 3852 dubitaveris:
669 3793 780 3853 rectius
814 3791 920 3854 lsidori
960 3798 1120 3872 praecepto
1157 3799 1295 3859 utemur,
1335 3807 1395 3868 qno

255 4013 557 4022 ————-

313 4165 337 4232 ’)
358 4167 416 4232 Eis,
441 4176 510 4232 quae
535 4167 710 4232 aWagnero
734 4166 769 4216 nd
792 4166 842 4217 ecl.
866 4166 880 4217 1
902 4167 935 4217 54
959 4172 987 4217 et
1004 4167 1033 4216 in
1057 4168 1176 4232 quaesit
1193 4165 1317 4232 'Vergili
1344 4165 1393 4215 XV

249 4253 367 4305 collecte
385 4255 456 4311 sunt,
476 4250 602 4302 addenda
621 4265 663 4314 ge.
683 4252 725 4302 111
744 4244 805 4302 23δῖ
821 4252 869 4301 271
889 4255 918 4301 et
934 4250 1004 4303 hen.
1023 4253 1065 4303 111
1084 4252 1133 4302 236
1152 4248 1242 4300 ‘baud
1260 4265 1340 4301 secus
1359 4265 1393 4300 oc

246 4337 317 4388 iussi
336 4338 466 4390 iaciunt’.
510 4336 599 4388 Unum
627 4337 720 4387 omissi
747 4339 808 4387 estis
836 4337 990 4402 exemplum
1017 4338 1082 4387 nori
1100 4336 1168 4386 Aen.
1187 4335 1210 4383 V
1229 4337 1278 4386 192
1306 4341 1395 4386 ‘nnnc

246 4421 312 4474 illas
330 4423 447 4489 promite
465 4424 548 4486 vires,
565 4436 638 4472 nunc
651 4422 765 4483 animos,
784 4421 884 4488 quibus
896 4421 925 4472 in
938 4421 1067 4474 Gaetulis
1080 4421 1209 4486 Syrtibus
1222 4420 1282 4470 usi’
1296 4435 1320 4472 e.
1331 4435 1357 4485 q.
1372 4435 1394 4471 s.
