2962 4904
540 338 784 382 Pnocmttotmrtd.

160 517 215 570 20⁴
238 522 383 589 praeterea
405 519 459 569 tam
483 520 548 570 sunt
570 511 672 568 ercturi
696 511 785 568 sidera
808 511 889 569 nobis

240 599 447 673 haedorumque
467 597 526 655 dies
549 595 672 654 servandi
694 603 722 653 et
743 595 850 655 lucidus
872 600 978 673 anquis,

240 702 322 760 quarn
345 683 445 760 quibus
467 685 495 740 in
518 683 633 756 patriam
656 689 768 738 ventosa
791 698 840 756 per
862 699 982 757 aequora
1004 685 1088 740 vectis

239 777 342 846 pontus
364 777 392 825 et
413 767 535 826 ostriferi
558 766 649 824 lauces
672 774 841 842 temptantur
862 766 957 844 Abydi.

159 945 214 994 257
237 955 289 997 uec
310 939 414 996 irustra
435 939 577 1016 signorum
592 906 692 994 *obitus
714 935 887 1012 speculamur
910 945 937 993 et
961 945 1040 994 ortus

241 1022 469 1100 temporibusque
490 1038 583 1098 parem
606 1022 719 1080 diversis
742 1029 874 1096 quattuor
895 1037 1010 1080 anuum:

160 1115 216 1165 252
239 1109 304 1167 irinc
325 1116 502 1184 tempestates
524 1107 607 1166 dubio
630 1106 801 1182 praediscere
822 1105 899 1166 caelo

239 1211 402 1270 possumus,
425 1193 489 1252 hinc
510 1194 664 1267 messisque
685 1191 756 1248 diem
779 1200 942 1267 tempusque
963 1192 1081 1256 serendi.

244 1287 271 1336 ct
295 1277 402 1354 quondo
426 1276 536 1335 infidum
559 1279 642 1334 remis
664 1275 807 1352 impellere
827 1293 947 1333 marmor

241 1365 399 1428 conveniat,
423 1363 531 1439 quando
555 1369 672 1419 armatas
694 1360 828 1418 deducere
853 1361 958 1430 classis,

241 1457 288 1507 aut
309 1451 499 1526 tempestivam
521 1446 597 1505 silvis
620 1455 743 1505 evertere
765 1447 870 1522 pinum.

87 1618 207 1680 Poteris
240 1617 305 1680 dne
338 1614 400 1680 ullo
433 1615 573 1678 carminis
601 1613 796 1684 detrimento,
829 1614 921 1676 immo
951 1613 1150 1678 emolumento
1180 1633 1240 1678 non

84 1718 167 1780 nullo
191 1725 261 1780 ante
285 1735 311 1781 v.
329 1713 393 1780 208
416 1718 448 1778 in
471 1723 612 1795 quattuor
635 1716 685 1794 qui
707 1715 888 1778 antecedunt
909 1733 1048 1778 versuum
1069 1713 1239 1782 204-207

85 1820 186 1882 mcum
207 1817 389 1882 substituere
410 1825 526 1899 septem
548 1835 623 1898 quos
645 1835 682 1878 ex
704 1817 828 1879 adverso
849 1818 1015 1898 posuimus.
1058 1819 1134 1882 Nam
1155 1837 1238 1882 scru-

87 1920 221 2003 psdcsior
243 1922 295 1999 qui
317 1921 356 1982 sit
378 1921 482 1983 mirari
503 1921 605 2001 possit,
629 1937 683 1982 cur
704 1919 824 1981 tondem
848 1925 878 1980 et
900 1936 975 1998 quas
997 1918 1033 1982 ad
1056 1939 1105 1982 res
1128 1919 1240 1982 haedos

86 2025 273 2104 potissimum
296 2031 326 2083 et
352 2040 480 2102 anguem
509 2022 629 2084 omnino
656 2020 818 2086 servandos
852 2023 1057 2101 praeceperit,
1092 2023 1142 2101 qui
1171 2041 1240 2084 mon

88 2124 138 2188 ubi
161 2123 279 2204 singule
301 2126 424 2205 exponit
445 2132 565 2204 praeter
579 2122 700 2194 booten,
723 2141 782 2204 quo
799 2114 1031 2184 commemorato
1047 2122 1084 2186 ad
1106 2125 1240 2186 ‘arcturi

88 2228 205 2289 sidera’
234 2226 387 2307 respicere
414 2224 509 2286 rideri
530 2227 631 2306 possit,
663 2226 761 2287 omnis
791 2224 846 2286 alia
868 2225 961 2303 signa,
984 2223 1092 2287 libram
1121 2231 1238 2288 taurum

88 2328 224 2411 pleiades
246 2345 398 2397 coronam,
422 2337 579 2390 enumerat
604 2325 733 2408 quidque
755 2325 871 2388 valcant
897 2325 993 2388 docet.
1047 2327 1142 2388 Porro
1170 2326 1240 2407 quid

88 2433 213 2494 omnino
236 2448 273 2491 es
295 2429 427 2492 siderum
451 2428 660 2492 observatione
682 2428 798 2498 discere
820 2429 937 2509 possint
959 2428 1122 2509 agricolas,
1151 2425 1241 2509 paulo

89 2533 205 2614 planius
220 2538 251 2594 et
265 2531 414 2611 copiosius
429 2527 522 2593 altero
539 2530 606 2593 loeo
621 2530 802 2593 illustratur:
822 2537 979 2593 nautarum
995 2539 1095 2593 autem
1112 2539 1241 2609 utroque

92 2635 204 2698 monuo
226 2634 267 2695 iit

172 2736 294 2816 Optime
319 2734 390 2796 iude
416 2734 585 2815 procedunt
613 2751 689 2812 quae
718 2733 755 2796 de
784 2735 898 2796 satione
925 2733 1065 2814 leguntur
1087 2753 1104 2796 a
1128 2753 1153 2796 r.
1176 2730 1240 2797 208

90 2856 185 2920 usque
207 2836 245 2900 ad
267 2833 341 2900 230.
386 2839 423 2899 nt
444 2844 508 2898 tum
532 2842 675 2898 secuntur
697 2855 723 2898 v.
747 2833 824 2899 231:

294 2958 398 3016 idcirco
422 2960 506 3015 certis
528 2957 679 3015 dimensum
702 2957 825 3035 partibus
848 2958 941 3016 orbem

297 3060 346 3119 per
368 3043 493 3101 duodena
514 3045 587 3119 regit
609 3043 701 3101 mundi
724 3043 766 3102 sol
789 3061 888 3102 aureus
911 3047 999 3109 astra:

91 3185 120 3239 ct
144 3176 253 3238 deinde
276 3174 313 3236 de
336 3176 418 3236 zonis
439 3176 622 3256 praecipitur
650 3193 745 3254 usque
773 3175 809 3238 ad
838 3195 863 3237 r.
887 3172 960 3239 251.
1009 3174 1177 3247 idcircone,
1206 3185 1240 3238 ut

93 3279 198 3340 riclam
221 3295 304 3339 seres
332 3276 479 3356 vilemque
507 3277 681 3359 phaselum?
712 3277 748 3357 (v.
772 3274 845 3359 227)
874 3276 920 3340 vel
949 3285 982 3340 ut
1010 3286 1174 3340 sementem
1203 3279 1238 3340 ad

93 3380 205 3442 medias
229 3379 371 3440 extendas
393 3381 517 3459 pruinas
540 3377 575 3458 (v.
591 3376 686 3460 230li
709 3380 746 3441 Et
761 3383 843 3443 zonis
865 3379 936 3462 quid
959 3378 1080 3442 taudem
1103 3398 1170 3442 cum
1193 3397 1238 3444 sa·

91 3483 177 3544 tione
199 3498 358 3543 commune
382 3481 444 3542 esti
467 3480 582 3543 idcirco
611 3483 751 3543 nimirum
775 3490 855 3544 astra
879 3500 936 3562 per
958 3482 1074 3543 caelum
1098 3481 1238 3564 disposite

91 3583 218 3665 putabis,
243 3589 276 3644 ut
296 3582 367 3644 inde
389 3589 580 3664 tempestates
595 3583 784 3664 praediscere
804 3585 902 3665 possis
917 3590 947 3645 et
962 3601 1037 3664 quae
1052 3603 1078 3645 v.
1095 3579 1158 3647 253
1173 3601 1238 3666 sqq.

90 3693 241 3747 secuntur.
287 3685 382 3746 Zonas
404 3691 500 3748 autem
525 3703 585 3746 non
608 3685 693 3747 video
716 3703 775 3764 quo
798 3683 923 3748 consilio
952 3693 1039 3766 poete
1068 3684 1239 3749 describere

90 3788 223 3868 potuerit
245 3785 303 3848 elio
326 3788 383 3848 nisi
408 3795 440 3848 ut
462 3786 598 3850 duodena
620 3786 669 3850 ille
697 3795 776 3849 astra
803 3805 859 3868 per
887 3804 977 3848 zonas
1004 3786 1145 3869 disposita
1172 3807 1239 3851 esse

91 3888 223 3950 doceret.
269 3887 372 3967 ltaque
395 3895 588 3970 expectamus
609 3897 642 3952 ut
665 3898 820 3952 enumeret
843 3907 893 3959 ea,
922 3889 973 3950 sed
1003 3898 1102 3952 arctos
1125 3897 1238 3953 tantum

90 3999 121 4052 et
141 4007 269 4070 anguem
292 3999 506 4054 commemoret
533 4009 558 4052 r.
583 3988 647 4053 244
668 4010 712 4073 sq.
762 3993 884 4054 Poterat
912 3999 1009 4053 autem
1038 3991 1112 4054 becc
1140 3994 1237 4057 omnis

90 4093 239 4162 omittere,
276 4100 309 4154 ut
342 4109 402 4154 non
425 4090 553 4154 absurda
576 4094 710 4156 rideatur
732 4095 876 4176 suspicio,
912 4092 948 4156 ab
976 4095 1041 4175 ipso
1071 4093 1150 4158 edita
1173 4113 1239 4158 csse

90 4193 178 4256 hoec:
214 4191 393 4256 204-207.
428 4190 607 4258 208-230.
641 4191 821 4258 eto-286.
853 4191 1038 4266 287-310,
1077 4203 1238 4258 retractato

89 4303 194 4377 postea
216 4297 274 4359 hoc
297 4313 417 4377 quoque
439 4295 505 4358 loco
529 4295 632 4360 relicta
655 4317 721 4360 esse
742 4299 772 4359 in
796 4298 913 4360 schedis
936 4297 1024 4360 baec:
1058 4293 1237 4361 231-251.

90 4393 270 4462 252-256.
305 4393 369 4462 257
391 4417 434 4480 sq.
467 4394 651 4470 259—2753
696 4402 727 4462 in
756 4399 801 4461 his
829 4399 961 4462 nondum
989 4397 1121 4461 absoluta
1148 4401 1239 4463 luisse
1295 4406 1296 4409 ’
