2956 4906
565 347 808 392 anocnoouumt.
1198 326 1258 393 179

138 569 141 576 ,
197 513 305 578 Parum
327 516 456 578 feliciter
480 517 611 578 criticam
640 525 735 577 artem
764 517 897 578 exercuit
925 518 967 578 eis
995 525 1077 578 certe
1103 514 1193 587 locis,
1222 517 1259 577 de

111 617 218 696 quibus
241 618 383 680 traditum
407 628 461 679 est.
492 618 637 680 Perverse
660 620 738 678 enim
761 621 913 698 antiquam
935 621 1114 699 scripturam
1137 620 1169 678 in
1198 620 1260 680 Vbc

111 727 257 782 serratam
280 717 377 797 flenta
399 718 506 800 quibus
529 728 617 780 torno
635 721 743 794 facilis
766 720 978 798 superaddita
1001 721 1084 780 vitis’
1109 721 1199 780 tuitus
1215 727 1261 780 est
1303 707 1305 713 ¹

111 821 149 882 ad
162 819 216 881 ecl,
234 820 273 880 lll
287 817 384 898 38*);
408 820 519 884 Lucani
543 816 652 902 (1675)
676 821 812 900 exemplo
828 820 904 881 male
920 840 991 882 usus
1013 829 1067 890 est
1092 827 1125 881 ut
1139 838 1259 900 pravam

112 923 237 983 lormam
261 923 372 984 Edonii
392 903 632 992 choriambicum,
656 942 744 1003 quam
766 925 966 1002 grammaticis
988 924 1088 984 nescio
1111 940 1198 1000 quam
1222 921 1260 982 ob

112 1043 231 1085 cansam
254 1023 402 1102 placuisse
425 1025 512 1098 etiam
535 1023 601 1084 aliis
629 1026 757 1087 aliorum
786 1034 942 1104 poetarum
970 1023 1043 1084 locis
1072 1023 1261 1103 corruptelae

112 1125 250 1186 codicum
274 1126 391 1195 docent,
415 1125 542 1186 tortasse
565 1134 596 1187 ct
617 1128 681 1204 ipse
697 1127 794 1204 aliquo
811 1126 888 1187 libro
903 1127 1105 1204 manuscripto
1121 1126 1259 1193 conlisus,

110 1229 141 1286 in
171 1226 292 1304 Vergilii
326 1233 437 1287 textum
470 1228 597 1288 interret
608 1227 668 1306 aa),
723 1226 905 1288 Prudentius
929 1228 1000 1287 lacit
1022 1226 1100 1305 quod
1130 1225 1261 1287 Probum

112 1334 231 1406 secutus
254 1327 292 1388 da
313 1329 386 1388 Aac.
410 1329 447 1388 Vl
472 1326 788 1409 lll‘reqnirendum
812 1328 908 1390 adhuc
931 1330 1015 1390 essc’
1039 1326 1121 1388 dixit
1157 1327 1260 1388 Eidem

113 1436 143 1490 ct
164 1433 259 1508 Aspro
283 1429 320 1489 de
344 1428 516 1490 dilticillimo
539 1429 605 1490 loco
627 1433 699 1491 den.
723 1425 857 1492 V11543
881 1430 1053 1490 adsentatus
1082 1437 1142 1498 est,
1172 1445 1260 1505 quem

85 1605 87 1610 s
111 1529 285 1592 lacunosum
308 1549 373 1592 esse
396 1521 454 1592 non
477 1532 571 1610 magis
593 1549 681 1609 quam
704 1534 797 1594 ceteri
819 1531 973 1593 intellexit.
1022 1530 1066 1592 Ne
1093 1530 1262 1610 suspicatus

113 1632 233 1709 quidem
263 1641 323 1702 est,
354 1631 459 1692 leviter
481 1642 654 1712 corruptum
677 1652 743 1694 esse
765 1637 836 1694 len.
861 1629 987 1702 11546,
1017 1633 1064 1696 cui
1087 1631 1262 1712 explicando

113 1735 224 1812 trustra
247 1752 369 1813 operam
399 1733 480 1794 dedit
503 1734 595 1812 (Serv.
626 1734 714 1795 adh.
738 1733 758 1794 l.
789 1743 818 1795 et
840 1734 876 1795 ad
899 1753 945 1813 gc.
970 1729 1099 1812 1403).,

199 1835 261 1896 Nec
283 1837 393 1896 mirum
417 1834 495 1911 quod
524 1834 681 1896 solvendae
709 1837 914 1916 quaestionum
946 1833 1010 1896 ‘vel
1038 1837 1201 1897 maximae'
1230 1844 1263 1896 ut

113 1939 209 2015 Asper
232 1935 389 2006 sentiebat,
413 1954 489 2015 quae
512 1944 556 1996 est
578 1936 615 1996 de
637 1943 709 1998 den.
732 1936 769 1997 lll
795 1933 867 2006 363,
891 1938 1025 2016 inparem
1049 1955 1081 1997 se
1102 1937 1260 2016 praestitit.

199 2038 322 2098 Frustra
344 2046 379 2097 ut
400 2038 493 2097 ceteri
517 2036 672 2097 desudarit
691 2039 721 2098 in
745 2036 931 2116 expediendo
946 2039 1020 2098 deu.
1043 2037 1096 2098 llll
1117 2035 1182 2099 514
1195 2054 1260 2115 sqq.

113 2139 191 2208 loco,
225 2140 273 2200 cui
295 2137 510 2218 Peerlkampns
533 2137 651 2200 damaim
675 2140 863 2218 transpositis
891 2137 1009 2204 duobus
1031 2139 1166 2199 versibus
1187 2133 1261 2199 516.

114 2237 178 2301 515
200 2240 324 2300 salutem
349 2239 426 2301 tulit.
477 2239 534 2301 Sed
563 2239 640 2320 quod
664 2247 715 2328 aut
742 2241 979 2320 patronymicum
1001 2247 1052 2300 aut
1073 2238 1184 2318 gentile
1207 2257 1260 2299 no·

15 2361 16 2364 ¹
114 2359 182 2402 men
199 2341 301 2402 Rutuli
319 2341 428 2418 unates
450 2360 515 2402 esse
537 2341 591 2402 sibi
614 2342 772 2420 persuasit,
797 2341 927 2422 prodidit
949 2360 981 2402 sc
1003 2358 1060 2400 uec
1080 2341 1262 2402 Graecorum

113 2461 170 2502 nec
192 2441 364 2504 Latinorum
388 2445 542 2504 nominum
567 2445 783 2505 accuratiorem
803 2445 937 2506 notitiam
959 2442 1016 2504 sibi
1031 2444 1259 2522 comparavisse.

114 2543 196 2604 Dixit
217 2546 296 2605 inter
318 2553 468 2606 nostrates
490 2544 527 2604 de
555 2543 666 2624 triplici
693 2546 790 2606 torma
809 2533 947 2624 Ὀνύτης
965 2533 1111 2630 Ὀγείτης
1134 2531 1263 2622 Ὀνίτης

115 2644 283 2706 Lobeclrius
305 2647 335 2706 in
357 2645 546 2734 pathologiae
569 2664 658 2706 serm.
683 2647 788 2708 Gracci
810 2647 943 2727 prolegg.
966 2643 1028 2707 387
1052 2665 1095 2725 sq.

199 2747 314 2809 Velium
336 2748 471 2826 Longum
502 2755 621 2808 secutus
650 2749 773 2809 retinuit
800 2751 872 2809 Aen.
903 2745 1013 2809 >1245
1040 2749 1190 2824 spectabis
1219 2748 1262 2828 (ut

184 3049 207 3116 ‘i
226 3051 340 3103 Servius
362 3053 415 3103 ecl.
433 3053 476 3104 111
494 3054 528 3104 38
546 3052 636 3103 ‘lenta
655 3052 755 3117 quibus
773 3057 852 3103 torno
871 3051 951 3102 facili
969 3038 1052 3117 super
1071 3052 1168 3102 additu
1185 3047 1262 3118 ritis]

118 3144 193 3188 torno
209 3139 311 3200 soullez
330 3138 456 3187 Donatus
475 3139 516 3187 sic
534 3136 613 3201 legit.
650 3136 753 3202 legitur
771 3141 864 3187 tamon
884 3141 912 3186 et
930 3145 1003 3188 torno
1019 3138 1100 3200 faciti,
1120 3136 1155 3186 ad
1173 3137 1262 3186 exclu-

118 3221 209 3272 denda
227 3222 281 3272 duo
301 3222 435 3287 epitheta,
456 3222 528 3286 quod
548 3226 590 3271 cst
609 3223 637 3270 in
654 3221 798 3271 latinitate
815 3222 954 3282 vitiosum,
975 3223 999 3270 si
1016 3223 1053 3270 sit
1074 3220 1152 3270 lenta
1169 3221 1263 3270 lucilio

116 3307 208 3366 ritis'.
244 3305 647 3359 Serviusden.11392‘nou
671 3307 744 3355 enim
768 3310 831 3355 suut
854 3304 906 3356 duo
931 3304 1070 3370 epitheta,
1094 3303 1166 3369 quod
1189 3304 1263 3370 apud

115 3390 235 3440 Latinos
258 3391 387 3441 vitiosum
412 3395 463 3441 est.
506 3391 573 3440 iacit
595 3390 648 3439 hoe
671 3394 765 3439 tamen
783 3391 858 3454 Virg.
882 3390 911 3439 in
933 3390 1030 3454 paucis
1052 3391 1191 3452 versibus,
1216 3390 1264 3454 qui

118 3480 212 3525 tamon
231 3474 369 3526 emendati
388 3481 452 3526 sunt
469 3480 501 3525 ut
519 3475 570 3526 ecl.
589 3475 631 3526 111
648 3477 694 3538 aa,
709 3491 772 3525 cum
791 3479 856 3524 ante
872 3465 958 3534 sdotlis
976 3474 1086 3528 luerit'.

171 3573 208 3640 ”)
228 3576 341 3628 Servius
359 3578 427 3627 Asu.
447 3577 501 3626 ΧΠ
519 3577 569 3628 365
587 3577 693 3628 ‘Edoni
710 3575 823 3626 Thracii
843 3616 849 3627 .
869 3613 875 3624 .
896 3615 902 3629 .
923 3613 929 3626 .
949 3591 1016 3627 sans
1035 3575 1190 3641 sciendum,
1209 3576 1284 3627 hoc·

113 3663 177 3713 loco
197 3677 306 3712 errasse
318 3663 467 3724 Donatum,
488 3663 534 3726 qui
547 3662 616 3712 dicit
627 3662 725 3712 Edonii
741 3660 898 3726 legendum,
916 3665 947 3710 ut
965 3663 998 3712 do
1011 3661 1104 3716 brevis
1116 3661 1152 3710 sit
1164 3675 1262 3712 secun·

113 3745 176 3796 dum
190 3747 342 3809 Lucanum,
362 3747 407 3811 qui
425 3747 495 3796 dicit
513 3746 537 3810 (Ι
555 3746 616 3810 676)
636 3747 753 3796 «Edonis
772 3745 881 3810 ogygio
900 3744 1022 3796 decurrit
1039 3746 1123 3811 plena
1139 3745 1261 3809 Lyaeo».

114 3846 233 3894 numqua
258 3836 363 3881 eertum
388 3835 431 3881 cst
453 3829 578 3894 systolen
602 3831 705 3882 iecisse
728 3831 879 3880 Lucanum.
912 3829 984 3880 unde
1007 3829 1095 3880 Edoni
1116 3830 1262 3896 legendum

118 3919 170 3980 est,
197 3921 228 3965 ut
245 3917 284 3966 sit
301 3915 346 3964 hic
364 3914 492 3975 Edonus,
519 3914 600 3966 huius
619 3915 719 3984 Edoni.
762 3913 870 3965 Statius
897 3920 924 3964 et
945 3914 1091 3979 Virgilium
1119 3919 1148 3965 et
1174 3919 1261 3965 artam

95 4015 228 4101 'secutus
256 4025 309 4100 ait:
344 4050 450 4101 tristius
473 4051 584 4102 Edonas
608 4050 712 4101 hiemes
727 4055 768 4086 '-
791 4065 845 4101 non
867 4048 1013 4100 Edonias’.
1058 4003 1209 4101 EDONEIA1
1232 4050 1265 4100 M

113 4133 209 4185 udonii
228 4151 259 4200 y:
279 4150 344 4200 ergo
363 4135 545 4214 diasceuastae
557 4135 678 4186 Medicei
697 4134 848 4201 exemplari
868 4135 902 4184 ad
915 4136 1020 4186 Donati
1038 4139 1141 4185 textum
1160 4133 1262 4199 scripto

112 4234 178 4270 usus
198 4225 256 4283 est3
280 4219 308 4269 in
326 4219 451 4271 Palatini
471 4225 499 4270 at
517 4215 638 4270 (ludioni
657 4221 805 4286 archetypo
829 4220 953 4285 ascripta
970 4219 1082 4270 ridetur
1104 4219 1190 4269 tuisse
1207 4219 1263 4269 Do-

112 4305 175 4354 nati
191 4304 285 4358 lactio.
327 4303 456 4355 Ceterum
475 4311 587 4369 preater
604 4303 762 4355 Bentleium
786 4308 815 4354 iu
834 4304 895 4356 adn.
916 4306 977 4358 erit.
1002 4303 1144 4358 laudatum
1173 4303 1209 4354 cl.
1228 4304 1261 4352 L.

112 4387 232 4439 Mueller
249 4389 282 4439 ds
301 4404 331 4438 re
350 4406 384 4438 m.
405 4390 463 4440 352.

993 4469 1057 4534 12*
