3038 4912
249 296 307 360 118
694 319 940 362 33333333333.

246 488 491 550 iiretzscbmerus
521 488 623 568 ((131.
647 487 735 550 Gellii
761 487 894 549 lontibus
921 506 950 567 p.
974 489 996 548 1.
1032 485 1312 568 Ρ333331331860)
1342 489 1393 547 de·

246 590 443 668 scripserunt,
467 593 612 671 33133113
636 591 764 659 noverit,
796 590 842 650 vix
865 589 1012 652 dubitabit
1033 591 1104 670 quin
1129 600 1218 659 etiam
1242 589 1321 668 33331
1343 588 1395 649 1113

247 693 424 753 Favorinum
453 712 538 755 suum
568 693 667 755 statim
695 712 729 752 ex
760 695 906 754 memoria
934 691 1067 754 attulisse
1097 701 1199 781 narrat
1227 692 1394 772 exemplum

247 793 456 856 Lucretianum
479 791 629 873 (11112241
653 801 801 874 sumptum
825 796 862 856 sit
884 813 918 856 33
935 794 1042 874 Hygini
1059 797 1283 864 commentario,
1306 813 1394 872 quem

246 898 344 975 ipsum
367 904 467 958 utrum
491 896 597 975 legerit
619 895 729 958 Gellius
751 916 798 966 an,
823 889 902 976 quod
919 897 1083 958 1133311133
1105 896 1291 978 probabilius
1314 897 1393 956 vide·

248 1007 305 1066 tur,
330 1007 502 1079 excerptum
526 1001 556 1059 in
572 998 698 1078 Sulpicii
717 998 897 1079 Apollinaris
919 995 1144 1078 quaestionibus
1167 997 1332 1080 epistolicis
1348 999 1393 1058 in·

170 1125 174 1134 ⁴
249 1103 365 1162 venerit
386 1101 557 1180 ambiguum
581 1110 635 1162 est.
681 1101 868 1163 Contractam
892 1102 921 1161 in
945 1103 1123 1180 paucissima
1147 1103 1254 1183 Hygini
1277 1101 1314 1162 de
1338 1100 1394 1162 boc

248 1202 315 1263 ioco
338 1205 618 1264 commentationem
641 1203 719 1283 apud
734 1204 871 1265 Servium
893 1203 987 1265 babes
1009 1222 1068 1265 uon
1092 1205 1244 1266 nominato
1260 1211 1393 1272 auctore,

249 1313 283 1365 ut
310 1304 403 1365 iaciiis
425 1305 555 1386 suspicio
577 1307 629 1374 sit,
661 1307 748 1366 etiam
772 1304 844 1366 alias
866 1306 897 1366 iu
919 1304 975 1366 bac
996 1308 1136 1385 congerie
1156 1307 1319 1368 doctissimi
1342 1305 1397 1364 viri

248 1405 390 1486 reliquias
413 1406 515 1468 latere.
572 1406 752 1477 Macrobius,
787 1409 837 1485 qui
860 1407 920 1468 Sat.
947 1405 1098 1476 111147
1128 1409 1208 1470 13133
1236 1407 1291 1469 3113
1320 1425 1395 1484 3333

251 1509 397 1588 Vergilius
424 1510 556 1571 imitatus
578 1512 615 1570 sit
643 1508 976 1589 333133131333311333
1006 1516 1142 1572 nostrum
1179 1529 1248 1570 cum
1276 1511 1302 1570 11
1333 1506 1394 1570 401

251 1612 446 1691 comparavit,
476 1611 566 1673 alium
590 1621 740 1674 auctorem
765 1617 972 1681 3333133331,
1002 1613 1053 1690 qui
1081 1629 1189 1674 omaro
1217 1613 1395 1691 scripturam

252 1714 396 1775 defendit.

337 1815 523 1878 Praeclaram
552 1817 686 1878 eiusdem
714 1815 822 1898 Hygini
853 1816 1091 1878 emendationem
1114 1817 1236 1900 Seryius
1265 1816 1300 1878 ad
1325 1817 1397 1878 133.

252 1919 304 1981 xit
328 1916 389 1980 120
411 1917 545 2000 protulit,
569 1917 620 1980 ubi
643 1917 721 1996 quod
744 1921 774 1981 iu
797 1921 908 1980 nostris
931 1937 1050 2000 quoquae
1074 1919 1159 1981 libris
1181 1920 1304 1998 optimis
1326 1917 1399 1996 legi·

252 2031 302 2083 tur
325 2023 487 2091 ministros,
512 2023 562 2101 qui
584 2021 620 2082 ad
644 2021 750 2081 loedus
773 2023 851 2082 iuter
874 2021 1001 2083 Hutulos
1017 2020 1209 2101 Teucrosque
1231 2019 1399 2082 feriendum

254 2125 446 2204 ‘fontemque
468 2125 628 2202 ignemque
650 2123 814 2192 terebant’‚
839 2121 950 2184 velatos
971 2126 1036 2186 lino
1058 2125 1163 2194 luisse,
1194 2124 1237 2183 vir
1264 2122 1399 2183 doctissi·
1433 2191 1437 2200 ¹

254 2245 321 2287 mus
343 2233 536 2304 corruptum,
571 2245 587 2286 a
618 2231 707 2306 poeta
735 2232 833 2287 autem
861 2225 998 2288 relictum
1028 2244 1095 2286 esse
1119 2225 1283 2286 adtirmavit
1314 2227 1400 2284 iimo:

254 2346 332 2399 nam,
363 2335 393 2388 ut
417 2327 537 2389 Tironis
565 2329 666 2407 potius
693 2326 1271 2407 333311311133311113,3333383331
1302 2325 1401 2387 verbis

254 2438 329 2500 utar,
354 2430 441 2490 ‘licio
464 2438 644 2500 transverso,
669 2429 751 2506 quod
772 2428 874 2492 limum
898 2427 1118 2511 appellabatur.
1149 2431 1199 2509 qui
1221 2429 1400 2508 magistrati-

255 2532 310 2594 bus
338 2531 622 2612 praeministrabant
648 2533 738 2593 cincti
767 2537 887 2602 eraut’,
922 2533 1012 2594 lintea
1034 2538 1144 2594 *autem
1176 2532 1351 2594 vestimenta
1385 2549 1401 2591 a

255 2652 358 2695 rerum
383 2651 535 2695 sacrarum
558 2651 613 2694 usu
637 2641 697 2694 tam
725 2632 821 2696 aliena
849 2633 926 2714 apud
949 2635 1101 2696 itomauos
1129 2640 1227 2703 erant.
1257 2633 1308 2694 ‘ut
1334 2651 1401 2694 eum

255 2737 404 2798 llaminiea
428 2743 507 2796 esset
529 2738 646 2797 inventa
679 2737 808 2797 tunicam
839 2735 953 2798 laneam
983 2736 1043 2798 lino
1074 2735 1214 2798 babuisse
1237 2727 1400 2804 consutam,

257 2840 440 2902 constitisset
472 2836 510 2898 ob
545 2855 610 2899 eam
644 2856 764 2900 causam
793 2837 943 2917 piaculum
973 2857 1038 2901 3333
1065 2841 1293 2908 commissum’,
1327 2855 1401 2916 quae

257 2942 352 3004 Servii
375 2939 465 3002 verba
487 2949 566 3010 sunt,
590 2942 695 3002 hausta
719 2942 845 3003 tortasse
862 2959 897 3002 ex
913 2940 1019 3022 Hygini
1035 2941 1121 3002 docta
1136 2941 1399 3018 argumentatione.

257 3042 316 3105 Sed
339 3061 400 3104 333
422 3044 571 3123 persuasit
594 3045 637 3104 eis
660 3043 711 3123 qui
734 3043 770 3104 ad
793 3050 925 3104 nostram
949 3045 1123 3105 memoriam
1146 3050 1259 3105 textum
1289 3059 1398 3122 propa·

257 3153 415 3224 gaveruut:
445 3143 566 3208 detensa
594 3147 672 3208 euim
700 3144 807 3206 tradita
836 3143 923 3206 lectio
954 3152 999 3206 cst
1021 3145 1145 3207 artificio
1169 3144 1311 3223 quodam,
1342 3160 1401 3221 quo

256 3249 416 3310 infaustum
440 3246 571 3309 foederis
600 3249 712 3308 exitum
740 3247 858 3308 infirmo
886 3248 1034 3326 principio
1062 3231 1300 3328 praemunivisse
1322 3243 1402 3306 ealli-

258 3350 327 3412 dum
350 3356 470 3429 poetam
492 3357 666 3438 statuerunt.

343 3452 441 3514 Minus
467 3452 544 3513 bene
570 3450 642 3512 iilud
672 3451 757 3512 solvit
785 3450 865 3531 quod
894 3469 962 3511 eum
989 3453 1060 3513 Aen.
1090 3451 1143 3514 1111
1174 3449 1235 3514 164
1257 3451 1403 3530 Vergilius

261 3553 384 3617 Hesiodi
406 3555 621 3623 auctoritatem,
646 3570 702 3630 qua
726 3553 826 3616 Circes
848 3552 925 3614 tilius
948 3554 1070 3616 Latinus
1092 3553 1257 3624 dicebatur,
1281 3559 1404 3616 secutus

263 3675 329 3718 3333
352 3655 486 3717 videatur
510 3652 619 3728 (Solem
643 3655 721 3715 enim
745 3647 831 3716 arum
853 3655 948 3717 Latini
972 3656 1063 3736 dicit),
1087 3657 1185 3718 eidem
1208 3652 1321 3717 111141
1345 3657 1403 3718 113-

259 3760 352 3820 nicam
374 3756 534 3839 nympbam
557 3755 663 3818 tribuit
689 3763 826 3818 matrem.
875 3758 959 3830 Quod
987 3761 1028 3820 ita
1057 3758 1257 3838 explicavisse
1273 3755 1405 3838 Hyginus

261 3879 276 3922 3
300 3860 403 3920 Servio
430 3858 573 3928 traditur,
605 3866 637 3918 ut
663 3857 765 3939 plures
793 3858 907 3922 diceret
928 3860 1049 3922 Latinos
1077 3860 1183 3930 luisse,
1214 3877 1290 3938 quos
1319 3867 1404 3940 poeta

262 3961 459 4023 confudisset:
483 3963 575 4022 immo
597 3961 702 4023 Circen
726 3962 869 4024 Graecam
887 3963 1047 4024 Minturnis
1062 3964 1201 4025 Maricam
1224 3964 1331 4025 laetam
1353 3963 1404 4024 de·

262 4064 351 4126 bebat
373 4081 544 4143 agnoscere.

347 4166 480 4228 Pertinet
511 4174 610 4229 autem
643 4165 692 4228 bic
724 4165 808 4228 locus
840 4167 877 4228 ad
910 4167 941 4228 id
974 4167 1194 4231 commentandi
1225 4186 1336 4249 genus,
1374 4169 1405 4229 io

262 4287 322 4349 quo
351 4266 434 4330 illum
463 4271 570 4332 acriter
597 4276 746 4330 versatum
779 4287 845 4330 esse
877 4269 942 4331 aliis
975 4289 1093 4350 quoque
1125 4273 1302 4332 testimoniis
1335 4289 1405 4331 con·

263 4371 410 4433 firmatur.
463 4369 590 4450 Reliqua
618 4373 699 4434 enim
730 4372 843 4442 omnia,
880 4389 954 4449 quae
982 4375 1107 4451 integris
1136 4372 1232 4434 tribus
1259 4372 1406 4454 capitibus
