3038 4912
253 331 314 396 150
697 352 940 394 euoenooumm.

250 521 383 585 Valerius
406 521 522 583 Probus
545 522 575 581 in
598 518 726 599 Vergilio
748 520 873 582 Horatio
895 520 1034 582 Lucretio
1063 541 1079 582 a
1102 541 1135 582 se
1157 522 1322 583 emendatis
1344 521 1394 584 ad-

248 626 356 705 posuit.
403 624 535 696 Quarum
559 621 686 683 iudicem
709 624 740 683 in
763 621 829 684 cod.
845 624 981 685 Parisino
996 625 1151 685 inventum
1166 643 1183 685 a
1198 623 1255 686 Th.
1271 624 1417 714 llommg

249 745 322 788 seno
346 726 518 804 editumque
540 727 671 805 primum
694 743 708 785 a
727 725 854 803 Bergliio
871 727 960 805 eique
977 728 1083 806 partim
1099 725 1290 796 simillimum,
1307 745 1395 807 quem

249 829 381 890 Isidorus
404 829 498 906 origg.
521 824 592 888 120
614 826 755 895 exhibuit,
779 837 955 907 excerptum
970 847 1006 890 ex
1022 828 1157 889 Suetonii
1172 827 1209 888 ‹le
1225 831 1303 888 notis
1320 826 1396 889 libro

250 931 349 1008 aliquo
361 930 632 1010 primusBerglcius
644 931 675 990 in
688 929 782 990 diario
795 928 945 1009 litiantiq.
957 926 1038 992 1845
1050 949 1078 1010 p.
1089 927 1149 992 113
1161 932 1297 1000 coniecit,
1308 950 1395 1011 quem

248 1035 288 1094 ita
310 1039 431 1094 secutus
453 1037 499 1092 cst
513 1029 784 1100 Reifferscheidius,
807 1039 840 1092 ut
861 1033 940 1093 inter
964 1033 1090 1093 extremi
1112 1032 1149 1092 de
1170 1034 1242 1092 viris
1264 1032 1397 1094 inlustri·

248 1134 305 1197 bus
327 1133 396 1194 libri
419 1133 560 1210 reliquias
582 1132 671 1194 simul
702 1151 769 1193 cum
792 1132 857 1194 aliis
879 1132 916 1194 ab
939 1135 1005 1213 ipso
1028 1133 1174 1212 indagatis
1197 1136 1346 1214 reciperet
1366 1136 1396 1194 in

250 1237 425 1298 Suetonium
448 1254 535 1297 suum
556 1255 586 1315 p.
606 1232 665 1296 137
682 1252 747 1315 sqq.
773 1233 848 1313 (coll.
864 1255 894 1315 p.
910 1231 974 1296 419
990 1235 1077 1315 sqq.).
1114 1236 1194 1313 Ergo
1216 1237 1397 1314 peritissimo

249 1341 360 1400 utimur
382 1345 513 1406 auctore,
538 1323 638 1426 quem'l
649 1336 686 1398 ab
709 1338 773 1416 ipso
789 1337 888 1399 Probo
911 1337 1064 1402 adnotatos
1085 1336 1179 1398 libros
1202 1339 1232 1398 in
1256 1355 1345 1399 manu
1369 1346 1396 1398 et

249 1448 318 1501 ante
338 1439 440 1500 oculos
463 1439 602 1501 habuisse
625 1446 741 1500 certum
765 1446 819 1500 est.
864 1440 887 1499 l
910 1458 969 1519 quo
994 1458 1079 1500 usum
1103 1439 1245 1500 discimus
1261 1441 1398 1501 criticum

250 1542 318 1603 XXI
341 1543 417 1603 notis
440 1541 535 1603 hisce:

293 1643 444 1705 -obelo

195 1735 198 1742 ’
296 1744 340 1828 ·>’<·
369 1746 513 1807 asterisco

297 1847 342 1932 )'<·
365 1882 410 1897 -
431 1849 576 1908 asterisco
599 1865 666 1909 cum
690 1847 777 1908 obelo

296 1957 332 2006 δ
358 1949 486 2028 simplici
508 1949 599 2011 ductu

297 2061 331 2124 >
357 2051 436 2132 diple

196 2169 203 2190 l
297 2160 332 2230 1}
359 2152 438 2235 diple
461 2155 692 2235 periestigmene

296 2263 323 2328 0
346 2258 532 2336 antisigmate

296 2355 323 2450 θ’
349 2361 536 2438 antisigmate
560 2376 629 2418 cum
650 2363 762 2438 puncto

297 2459 316 2560 ἱ
346 2461 488 2522 coronide
703 2461 709 2470 '

299 2571 333 2634 >
359 2597 401 2606 —-
424 2562 503 2642 diple
526 2560 708 2644 obelismene

299 2671 337 2734 4
359 2683 463 2726 aversa
486 2662 669 2725 obelismene

296 2763 340 2849 pl<
361 2769 503 2829 ceraunio
714 2755 719 2764 ⁶

295 2891 338 2913 ὲ
360 2868 447 2930 obelo
470 2868 617 2949 adpuncto

296 2979 384 3043 -<
409 2969 497 3032 obelo
520 2989 588 3033 cum
611 2989 713 3033 aversa

297 3071 338 3149 “>“
361 3072 440 3154 diple
463 3091 593 3153 superne
616 3072 730 3135 obelata

297 3175 391 3258 §Z
413 3184 495 3237 recta
518 3183 547 3236 et
569 3194 671 3237 aversa
693 3195 827 3256 superne
848 3175 973 3238 obelatis

299 3267 519 3344 stffimm

296 3380 465 3469 glum

297 3484 452 3573 ‘fancora
475 3483 632 3562 superiore
694 3553 700 3565 ι

297 3591 318 3679 l
340 3603 450 3648 ancora
471 3585 616 3645 inferiore

301 3700 308 3769 Ι
343 3689 429 3768 alogo

341 3811 401 3870 lam
424 3809 454 3867 in
478 3807 701 3874 commentario,
726 3825 785 3886 quo
809 3805 995 3886 explicantur
1017 3806 1073 3884 hae
1097 3815 1199 3876 notae.
1223 3809 1341 3868 unicum
1366 3825 1401 3868 ex

257 3910 388 3974 Aeneide
411 3909 436 3970 x
458 3905 499 3969 88
528 3908 697 3988 exemplum
727 3907 892 3989 adpositum
923 3917 968 3970 cst
1002 3927 1040 3970 ne
1068 3908 1105 3970 ab
1136 3909 1252 3970 lsidoro
1281 3907 1402 3986 quidem

255 4013 510 4094 praetermissum,
535 4010 586 4072 uhi
607 4013 639 4071 in
663 4029 724 4080 ora,
748 4010 777 4072 h.
801 4030 826 4072 e.
850 4012 880 4071 in
904 4007 1074 4090 margine*)
1097 4027 1206 4072 auersa
1229 4013 1404 4073 obelismene

261 4122 299 4186 ε
320 4115 400 4194 picta
428 4114 497 4183 luit,
528 4131 585 4194 qua
614 4115 741 4193 ‘respici
770 4113 805 4174 ad
834 4112 965 4193 aliquid'
994 4113 1219 4192 significaretur.
1270 4112 1403 4192 Respicit

256 4223 357 4278 autem
379 4215 453 4277 Iuno
476 4215 512 4276 ad
536 4215 684 4293 querellas
700 4215 822 4276 Veneris
845 4233 888 4275 ra.
912 4211 1039 4276 25-29
1062 4222 1091 4274 ct
1112 4210 1239 4276 55-62
1261 4214 1402 4294 prolatas.

325 4418 354 4489 ¹¹)
374 4421 403 4472 in
422 4436 468 4472 ore
487 4422 577 4474 anecd.
597 4421 684 4472 Paris.
