<?xml version="1.0" encoding="UTF-8"?>
<!DOCTYPE html PUBLIC "-//W3C//DTD XHTML 1.0 Transitional//EN"
    "http://www.w3.org/TR/xhtml1/DTD/xhtml1-transitional.dtd">
<html xmlns="http://www.w3.org/1999/xhtml" xml:lang="en" lang="en">
 <head>
  <title>
</title>
<meta http-equiv="Content-Type" content="text/html;charset=utf-8" />
  <meta name='ocr-system' content='tesseract 3.04.00' />
  <meta name='ocr-capabilities' content='ocr_page ocr_carea ocr_par ocr_line ocrx_word'/>
</head>
<body>
  <div class='ocr_page' id='page_1' title='image "./pvergilimaronis01ribbgoog/pvergilimaronis01ribbgoog_0185.png"; bbox 0 0 3038 4912; ppageno 0'>
   <div class='ocr_carea' id='block_1_1' title="bbox 247 299 944 376">
    <p class='ocr_par' dir='ltr' id='par_1_1' title="bbox 247 299 944 376">
     <span class='ocr_line' id='line_1_1' title="bbox 247 299 944 376; baseline 0.009 -6"><span class='ocrx_word' id='word_1_1' title='bbox 247 308 306 372; x_wconf 90' lang='grc'><strong>148</strong></span> <span class='ocrx_word' id='word_1_2' title='bbox 603 299 605 308; x_wconf 77' lang='lat'><strong>.</strong></span> <span class='ocrx_word' id='word_1_3' title='bbox 699 331 944 376; x_wconf 72' lang='lat' dir='ltr'><strong>proeconnesi.</strong></span> 
     </span>
    </p>
   </div>
   <div class='ocr_carea' id='block_1_2' title="bbox 184 486 1455 1296">
    <p class='ocr_par' dir='ltr' id='par_1_2' title="bbox 184 486 1455 1296">
     <span class='ocr_line' id='line_1_2' title="bbox 184 486 1455 583; baseline 0.006 -25"><span class='ocrx_word' id='word_1_4' title='bbox 184 486 188 494; x_wconf 70' lang='grc'><strong>’</strong></span> <span class='ocrx_word' id='word_1_5' title='bbox 245 497 328 559; x_wconf 83' lang='lat' dir='ltr'><strong>Serv.</strong></span> <span class='ocrx_word' id='word_1_6' title='bbox 343 507 372 558; x_wconf 92' lang='lat' dir='ltr'><strong>et</strong></span> <span class='ocrx_word' id='word_1_7' title='bbox 382 499 418 559; x_wconf 92' lang='lat' dir='ltr'><strong>de</strong></span> <span class='ocrx_word' id='word_1_8' title='bbox 431 498 483 559; x_wconf 88' lang='lat' dir='ltr'><strong>ult.</strong></span> <span class='ocrx_word' id='word_1_9' title='bbox 497 499 561 580; x_wconf 83' lang='lat' dir='ltr'><strong>syll.</strong></span> <span class='ocrx_word' id='word_1_10' title='bbox 576 518 605 578; x_wconf 89' lang='lat' dir='ltr'><strong>p.</strong></span> <span class='ocrx_word' id='word_1_11' title='bbox 618 496 682 561; x_wconf 89' lang='grc'><strong>229</strong></span> <span class='ocrx_word' id='word_1_12' title='bbox 697 500 741 580; x_wconf 87' lang='grc' dir='ltr'><strong>Κ.)</strong></span> <span class='ocrx_word' id='word_1_13' title='bbox 761 502 935 581; x_wconf 77' lang='lat' dir='ltr'><strong>praecipere</strong></span> <span class='ocrx_word' id='word_1_14' title='bbox 954 521 1047 582; x_wconf 91' lang='lat' dir='ltr'><strong>eaque</strong></span> <span class='ocrx_word' id='word_1_15' title='bbox 1068 503 1132 564; x_wconf 90' lang='lat' dir='ltr'><strong>lere</strong></span> <span class='ocrx_word' id='word_1_16' title='bbox 1151 503 1261 564; x_wconf 81' lang='lat' dir='ltr'><strong>addere</strong></span> <span class='ocrx_word' id='word_1_17' title='bbox 1274 512 1398 583; x_wconf 86' lang='lat' dir='ltr'><strong>poterat,</strong></span> <span class='ocrx_word' id='word_1_18' title='bbox 1453 541 1455 548; x_wconf 78' lang='lat'><strong>.</strong></span> 
     </span>
     <span class='ocr_line' id='line_1_3' title="bbox 245 598 1395 682; baseline 0.005 -21"><span class='ocrx_word' id='word_1_19' title='bbox 245 619 319 680; x_wconf 90' lang='lat' dir='ltr'><strong>quae</strong></span> <span class='ocrx_word' id='word_1_20' title='bbox 332 601 483 662; x_wconf 81' lang='lat' dir='ltr'><strong>Charisius</strong></span> <span class='ocrx_word' id='word_1_21' title='bbox 500 621 529 682; x_wconf 96' lang='lat' dir='ltr'><strong>p.</strong></span> <span class='ocrx_word' id='word_1_22' title='bbox 542 598 582 661; x_wconf 78' lang='grc'><strong>47</strong></span> <span class='ocrx_word' id='word_1_23' title='bbox 601 602 637 664; x_wconf 91' lang='lat' dir='ltr'><strong>de</strong></span> <span class='ocrx_word' id='word_1_24' title='bbox 655 605 808 664; x_wconf 84' lang='lat' dir='ltr'><strong>nominum</strong></span> <span class='ocrx_word' id='word_1_25' title='bbox 827 605 858 664; x_wconf 90' lang='lat' dir='ltr'><strong>in</strong></span> <span class='ocrx_word' id='word_1_26' title='bbox 877 623 894 663; x_wconf 96' lang='lat' dir='ltr'><strong>o</strong></span> <span class='ocrx_word' id='word_1_27' title='bbox 913 606 1084 665; x_wconf 80' lang='lat' dir='ltr'><strong>exeuntium</strong></span> <span class='ocrx_word' id='word_1_28' title='bbox 1100 606 1179 665; x_wconf 90' lang='lat' dir='ltr'><strong>varia</strong></span> <span class='ocrx_word' id='word_1_29' title='bbox 1197 604 1395 667; x_wconf 75' lang='lat' dir='ltr'><strong>declinatione</strong></span> 
     </span>
     <span class='ocr_line' id='line_1_4' title="bbox 245 703 1397 787; baseline 0.004 -23"><span class='ocrx_word' id='word_1_30' title='bbox 245 703 412 782; x_wconf 83' lang='lat' dir='ltr'><strong>congessit?</strong></span> <span class='ocrx_word' id='word_1_31' title='bbox 451 703 510 764; x_wconf 72' lang='lat' dir='ltr'><strong>‘De</strong></span> <span class='ocrx_word' id='word_1_32' title='bbox 541 711 708 784; x_wconf 88' lang='lat' dir='ltr'><strong>temporum</strong></span> <span class='ocrx_word' id='word_1_33' title='bbox 737 708 900 767; x_wconf 83' lang='lat' dir='ltr'><strong>conexione</strong></span> <span class='ocrx_word' id='word_1_34' title='bbox 922 705 1073 767; x_wconf 88' lang='lat' dir='ltr'><strong>libellum’</strong></span> <span class='ocrx_word' id='word_1_35' title='bbox 1102 708 1167 787; x_wconf 89' lang='lat' dir='ltr'><strong>ipse</strong></span> <span class='ocrx_word' id='word_1_36' title='bbox 1192 707 1311 769; x_wconf 89' lang='lat' dir='ltr'><strong>Servius</strong></span> <span class='ocrx_word' id='word_1_37' title='bbox 1334 707 1397 769; x_wconf 91' lang='lat' dir='ltr'><strong>lau·</strong></span> 
     </span>
     <span class='ocr_line' id='line_1_5' title="bbox 245 804 1396 887; baseline 0.003 -21"><span class='ocrx_word' id='word_1_38' title='bbox 245 804 332 876; x_wconf 89' lang='lat' dir='ltr'><strong>davit,</strong></span> <span class='ocrx_word' id='word_1_39' title='bbox 350 825 384 867; x_wconf 92' lang='lat' dir='ltr'><strong>ex</strong></span> <span class='ocrx_word' id='word_1_40' title='bbox 398 823 457 883; x_wconf 94' lang='lat' dir='ltr'><strong>quo</strong></span> <span class='ocrx_word' id='word_1_41' title='bbox 471 805 694 885; x_wconf 83' lang='lat' dir='ltr'><strong>intellegeretur</strong></span> <span class='ocrx_word' id='word_1_42' title='bbox 710 806 784 869; x_wconf 90' lang='lat' dir='ltr'><strong>haec</strong></span> <span class='ocrx_word' id='word_1_43' title='bbox 803 809 905 869; x_wconf 72' lang='lat' dir='ltr'><strong>‘lusos</strong></span> <span class='ocrx_word' id='word_1_44' title='bbox 917 810 1033 887; x_wconf 89' lang='lat' dir='ltr'><strong>patiere</strong></span> <span class='ocrx_word' id='word_1_45' title='bbox 1045 807 1182 870; x_wconf 87' lang='lat' dir='ltr'><strong>labores’</strong></span> <span class='ocrx_word' id='word_1_46' title='bbox 1197 807 1396 871; x_wconf 72' lang='lat' dir='ltr'><strong>tenuitati</strong></span> 
     </span>
     <span class='ocr_line' id='line_1_6' title="bbox 244 909 1395 990; baseline 0.003 -21"><span class='ocrx_word' id='word_1_47' title='bbox 244 916 368 989; x_wconf 89' lang='lat' dir='ltr'><strong>propter</strong></span> <span class='ocrx_word' id='word_1_48' title='bbox 390 909 587 988; x_wconf 88' lang='lat' dir='ltr'><strong>compositum</strong></span> <span class='ocrx_word' id='word_1_49' title='bbox 615 912 771 989; x_wconf 88' lang='lat' dir='ltr'><strong>praeteriti</strong></span> <span class='ocrx_word' id='word_1_50' title='bbox 799 912 946 990; x_wconf 88' lang='lat' dir='ltr'><strong>temporis</strong></span> <span class='ocrx_word' id='word_1_51' title='bbox 974 911 1162 990; x_wconf 88' lang='lat' dir='ltr'><strong>participium</strong></span> <span class='ocrx_word' id='word_1_52' title='bbox 1193 929 1261 972; x_wconf 91' lang='lat' dir='ltr'><strong>cum</strong></span> <span class='ocrx_word' id='word_1_53' title='bbox 1292 911 1395 973; x_wconf 88' lang='lat' dir='ltr'><strong>lutnro</strong></span> 
     </span>
     <span class='ocr_line' id='line_1_7' title="bbox 245 1009 1396 1091; baseline 0.002 -21"><span class='ocrx_word' id='word_1_54' title='bbox 245 1009 319 1072; x_wconf 90' lang='lat' dir='ltr'><strong>dura</strong></span> <span class='ocrx_word' id='word_1_55' title='bbox 347 1029 423 1072; x_wconf 90' lang='lat' dir='ltr'><strong>esse.</strong></span> <span class='ocrx_word' id='word_1_56' title='bbox 479 1011 551 1072; x_wconf 90' lang='lat' dir='ltr'><strong>lude</strong></span> <span class='ocrx_word' id='word_1_57' title='bbox 579 1010 751 1073; x_wconf 86' lang='lat' dir='ltr'><strong>Diomedem</strong></span> <span class='ocrx_word' id='word_1_58' title='bbox 789 1032 842 1074; x_wconf 90' lang='lat' dir='ltr'><strong>sua</strong></span> <span class='ocrx_word' id='word_1_59' title='bbox 877 1011 932 1072; x_wconf 80' lang='lat' dir='ltr'><strong>‘de</strong></span> <span class='ocrx_word' id='word_1_60' title='bbox 965 1013 1173 1074; x_wconf 92' lang='lat' dir='ltr'><strong>coniunctione</strong></span> <span class='ocrx_word' id='word_1_61' title='bbox 1209 1015 1396 1091; x_wconf 90' lang='lat' dir='ltr'><strong>tempornm&#39;</strong></span> 
     </span>
     <span class='ocr_line' id='line_1_8' title="bbox 246 1108 1395 1194; baseline 0.001 -20"><span class='ocrx_word' id='word_1_62' title='bbox 246 1112 285 1192; x_wconf 92' lang='lat' dir='ltr'><strong>(p.</strong></span> <span class='ocrx_word' id='word_1_63' title='bbox 307 1108 370 1174; x_wconf 88' lang='lat'><strong>383</strong></span> <span class='ocrx_word' id='word_1_64' title='bbox 394 1129 458 1190; x_wconf 91' lang='lat' dir='ltr'><strong>sqq.</strong></span> <span class='ocrx_word' id='word_1_65' title='bbox 483 1111 527 1189; x_wconf 90' lang='lat' dir='ltr'><strong>P.)</strong></span> <span class='ocrx_word' id='word_1_66' title='bbox 552 1115 740 1194; x_wconf 84' lang='lat' dir='ltr'><strong>excerpsisse</strong></span> <span class='ocrx_word' id='word_1_67' title='bbox 762 1113 878 1175; x_wconf 89' lang='lat' dir='ltr'><strong>lleilius</strong></span> <span class='ocrx_word' id='word_1_68' title='bbox 901 1113 957 1175; x_wconf 93' lang='lat' dir='ltr'><strong>vol.</strong></span> <span class='ocrx_word' id='word_1_69' title='bbox 981 1114 1035 1175; x_wconf 93' lang='lat' dir='ltr'><strong>llll</strong></span> <span class='ocrx_word' id='word_1_70' title='bbox 1057 1116 1154 1194; x_wconf 86' lang='lat' dir='ltr'><strong>prael.</strong></span> <span class='ocrx_word' id='word_1_71' title='bbox 1178 1132 1207 1194; x_wconf 92' lang='lat' dir='ltr'><strong>p.</strong></span> <span class='ocrx_word' id='word_1_72' title='bbox 1223 1113 1290 1175; x_wconf 89' lang='lat' dir='ltr'><strong>XlX</strong></span> <span class='ocrx_word' id='word_1_73' title='bbox 1314 1121 1343 1175; x_wconf 90' lang='lat' dir='ltr'><strong>et</strong></span> <span class='ocrx_word' id='word_1_74' title='bbox 1364 1115 1395 1174; x_wconf 91' lang='lat' dir='ltr'><strong>in</strong></span> 
     </span>
     <span class='ocr_line' id='line_1_9' title="bbox 244 1212 1013 1296; baseline 0.004 -22"><span class='ocrx_word' id='word_1_75' title='bbox 244 1213 376 1294; x_wconf 80' lang='lat' dir='ltr'><strong>symbola</strong></span> <span class='ocrx_word' id='word_1_76' title='bbox 398 1213 503 1295; x_wconf 91' lang='lat' dir='ltr'><strong>philol.</strong></span> <span class='ocrx_word' id='word_1_77' title='bbox 526 1216 620 1277; x_wconf 90' lang='lat' dir='ltr'><strong>Bonn.</strong></span> <span class='ocrx_word' id='word_1_78' title='bbox 643 1234 672 1296; x_wconf 93' lang='lat' dir='ltr'><strong>p.</strong></span> <span class='ocrx_word' id='word_1_79' title='bbox 697 1212 739 1276; x_wconf 90' lang='grc'><strong>94</strong></span> <span class='ocrx_word' id='word_1_80' title='bbox 760 1233 804 1294; x_wconf 89' lang='lat' dir='ltr'><strong>sq.</strong></span> <span class='ocrx_word' id='word_1_81' title='bbox 829 1217 1013 1295; x_wconf 80' lang='lat' dir='ltr'><strong>significavit.</strong></span> 
     </span>
    </p>
   </div>
   <div class='ocr_carea' id='block_1_3' title="bbox 243 1343 1396 1735">
    <p class='ocr_par' dir='ltr' id='par_1_3' title="bbox 243 1343 1396 1735">
     <span class='ocr_line' id='line_1_10' title="bbox 330 1343 1391 1433; baseline 0 -21"><span class='ocrx_word' id='word_1_82' title='bbox 330 1351 490 1413; x_wconf 84' lang='lat' dir='ltr'><strong>Praeterea</strong></span> <span class='ocrx_word' id='word_1_83' title='bbox 512 1353 713 1430; x_wconf 77' lang='lat' dir='ltr'><strong>grammaticis</strong></span> <span class='ocrx_word' id='word_1_84' title='bbox 734 1351 821 1414; x_wconf 90' lang='lat' dir='ltr'><strong>libris</strong></span> <span class='ocrx_word' id='word_1_85' title='bbox 844 1352 999 1414; x_wconf 88' lang='lat' dir='ltr'><strong>vindicavit</strong></span> <span class='ocrx_word' id='word_1_86' title='bbox 1021 1343 1137 1414; x_wconf 88' lang='lat' dir='ltr'><strong>lleilius</strong></span> <span class='ocrx_word' id='word_1_87' title='bbox 1159 1353 1254 1433; x_wconf 86' lang='lat' dir='ltr'><strong>praef.</strong></span> <span class='ocrx_word' id='word_1_88' title='bbox 1277 1371 1306 1432; x_wconf 89' lang='lat' dir='ltr'><strong>p.</strong></span> <span class='ocrx_word' id='word_1_89' title='bbox 1324 1351 1391 1413; x_wconf 82' lang='lat' dir='ltr'><strong>xix</strong></span> 
     </span>
     <span class='ocr_line' id='line_1_11' title="bbox 244 1449 1394 1533; baseline -0.001 -18"><span class='ocrx_word' id='word_1_90' title='bbox 244 1455 407 1515; x_wconf 89' lang='lat' dir='ltr'><strong>concessivi</strong></span> <span class='ocrx_word' id='word_1_91' title='bbox 429 1456 541 1516; x_wconf 78' lang='lat' dir='ltr'><strong>leveris</strong></span> <span class='ocrx_word' id='word_1_92' title='bbox 565 1454 645 1532; x_wconf 80' lang='lat' dir='ltr'><strong>(Aen.</strong></span> <span class='ocrx_word' id='word_1_93' title='bbox 668 1453 692 1514; x_wconf 83' lang='lat' dir='ltr'><strong>x</strong></span> <span class='ocrx_word' id='word_1_94' title='bbox 716 1450 767 1532; x_wconf 89' lang='lat'><strong>33)</strong></span> <span class='ocrx_word' id='word_1_95' title='bbox 792 1449 1017 1533; x_wconf 81' lang='lat' dir='ltr'><strong>explicationem</strong></span> <span class='ocrx_word' id='word_1_96' title='bbox 1042 1454 1149 1516; x_wconf 90' lang='lat' dir='ltr'><strong>collato</strong></span> <span class='ocrx_word' id='word_1_97' title='bbox 1165 1455 1315 1516; x_wconf 91' lang='lat' dir='ltr'><strong>Diomedis</strong></span> <span class='ocrx_word' id='word_1_98' title='bbox 1338 1453 1394 1514; x_wconf 80' lang='lat' dir='ltr'><strong>‘de</strong></span> 
     </span>
     <span class='ocr_line' id='line_1_12' title="bbox 244 1551 1395 1636; baseline 0 -20"><span class='ocrx_word' id='word_1_99' title='bbox 244 1557 345 1635; x_wconf 88' lang='lat' dir='ltr'><strong>specie</strong></span> <span class='ocrx_word' id='word_1_100' title='bbox 379 1557 568 1617; x_wconf 88' lang='lat' dir='ltr'><strong>concessiva&#39;</strong></span> <span class='ocrx_word' id='word_1_101' title='bbox 603 1557 700 1635; x_wconf 88' lang='lat' dir='ltr'><strong>capite</strong></span> <span class='ocrx_word' id='word_1_102' title='bbox 732 1575 761 1635; x_wconf 92' lang='lat' dir='ltr'><strong>p.</strong></span> <span class='ocrx_word' id='word_1_103' title='bbox 784 1551 848 1616; x_wconf 84' lang='lat'><strong>396</strong></span> <span class='ocrx_word' id='word_1_104' title='bbox 872 1573 916 1636; x_wconf 87' lang='lat' dir='ltr'><strong>sq.</strong></span> <span class='ocrx_word' id='word_1_105' title='bbox 941 1555 987 1626; x_wconf 91' lang='lat' dir='ltr'><strong>ll.,</strong></span> <span class='ocrx_word' id='word_1_106' title='bbox 1020 1557 1198 1617; x_wconf 85' lang='lat' dir='ltr'><strong>infinitivum</strong></span> <span class='ocrx_word' id='word_1_107' title='bbox 1220 1555 1395 1617; x_wconf 89' lang='lat' dir='ltr'><strong>historicum</strong></span> 
     </span>
     <span class='ocr_line' id='line_1_13' title="bbox 243 1655 1396 1735; baseline -0.002 -16"><span class='ocrx_word' id='word_1_108' title='bbox 243 1675 373 1735; x_wconf 83' lang='lat' dir='ltr'><strong>corpere</strong></span> <span class='ocrx_word' id='word_1_109' title='bbox 395 1658 426 1718; x_wconf 92' lang='lat' dir='ltr'><strong>in</strong></span> <span class='ocrx_word' id='word_1_110' title='bbox 449 1657 569 1718; x_wconf 85' lang='lat' dir='ltr'><strong>scholiis</strong></span> <span class='ocrx_word' id='word_1_111' title='bbox 584 1655 788 1719; x_wconf 89' lang='lat' dir='ltr'><strong>Beruensibus</strong></span> <span class='ocrx_word' id='word_1_112' title='bbox 811 1656 846 1718; x_wconf 84' lang='lat' dir='ltr'><strong>ad</strong></span> <span class='ocrx_word' id='word_1_113' title='bbox 869 1675 916 1735; x_wconf 90' lang='lat' dir='ltr'><strong>ge.</strong></span> <span class='ocrx_word' id='word_1_114' title='bbox 940 1657 994 1718; x_wconf 94' lang='lat' dir='ltr'><strong>llll</strong></span> <span class='ocrx_word' id='word_1_115' title='bbox 1019 1655 1081 1719; x_wconf 81' lang='lat'><strong>134</strong></span> <span class='ocrx_word' id='word_1_116' title='bbox 1102 1664 1237 1719; x_wconf 90' lang='lat' dir='ltr'><strong>notatum</strong></span> <span class='ocrx_word' id='word_1_117' title='bbox 1261 1658 1309 1734; x_wconf 82' lang='lat' dir='ltr'><strong>(cl.</strong></span> <span class='ocrx_word' id='word_1_118' title='bbox 1326 1657 1396 1718; x_wconf 93' lang='lat' dir='ltr'><strong>Phi·</strong></span> 
     </span>
    </p>
   </div>
   <div class='ocr_carea' id='block_1_4' title="bbox 243 1755 1493 1840">
    <p class='ocr_par' dir='ltr' id='par_1_4' title="bbox 243 1755 1493 1840">
     <span class='ocr_line' id='line_1_14' title="bbox 243 1755 1493 1840; baseline -0.001 -20"><span class='ocrx_word' id='word_1_119' title='bbox 243 1758 353 1839; x_wconf 80' lang='lat' dir='ltr'><strong>largyr.</strong></span> <span class='ocrx_word' id='word_1_120' title='bbox 386 1767 416 1820; x_wconf 90' lang='lat' dir='ltr'><strong>et</strong></span> <span class='ocrx_word' id='word_1_121' title='bbox 443 1759 603 1821; x_wconf 84' lang='lat' dir='ltr'><strong>Diomedes</strong></span> <span class='ocrx_word' id='word_1_122' title='bbox 631 1777 660 1839; x_wconf 94' lang='lat' dir='ltr'><strong>p.</strong></span> <span class='ocrx_word' id='word_1_123' title='bbox 684 1755 748 1820; x_wconf 85' lang='lat'><strong>340</strong></span> <span class='ocrx_word' id='word_1_124' title='bbox 770 1776 814 1837; x_wconf 91' lang='lat' dir='ltr'><strong>sq.</strong></span> <span class='ocrx_word' id='word_1_125' title='bbox 838 1759 891 1829; x_wconf 73' lang='lat' dir='ltr'><strong>lt,</strong></span> <span class='ocrx_word' id='word_1_126' title='bbox 923 1758 1034 1820; x_wconf 86' lang='lat' dir='ltr'><strong>lieilius</strong></span> <span class='ocrx_word' id='word_1_127' title='bbox 1062 1759 1155 1840; x_wconf 90' lang='lat' dir='ltr'><strong>prael.</strong></span> <span class='ocrx_word' id='word_1_128' title='bbox 1185 1779 1214 1839; x_wconf 93' lang='lat' dir='ltr'><strong>p.</strong></span> <span class='ocrx_word' id='word_1_129' title='bbox 1242 1758 1341 1838; x_wconf 76' lang='lat' dir='ltr'><strong>xxti),</strong></span> <span class='ocrx_word' id='word_1_130' title='bbox 1367 1766 1397 1819; x_wconf 90' lang='lat' dir='ltr'><strong>et</strong></span> <span class='ocrx_word' id='word_1_131' title='bbox 1492 1799 1493 1802; x_wconf 20' lang='grc' dir='ltr'><strong>κ</strong></span> 
     </span>
    </p>
   </div>
   <div class='ocr_carea' id='block_1_5' title="bbox 243 1857 1396 2248">
    <p class='ocr_par' dir='ltr' id='par_1_5' title="bbox 243 1857 1396 2248">
     <span class='ocr_line' id='line_1_15' title="bbox 244 1857 1396 1941; baseline -0.001 -20"><span class='ocrx_word' id='word_1_132' title='bbox 244 1862 309 1940; x_wconf 91' lang='lat' dir='ltr'><strong>ipsa</strong></span> <span class='ocrx_word' id='word_1_133' title='bbox 338 1860 487 1923; x_wconf 86' lang='lat' dir='ltr'><strong>Catholica</strong></span> <span class='ocrx_word' id='word_1_134' title='bbox 521 1881 551 1941; x_wconf 93' lang='lat' dir='ltr'><strong>p.</strong></span> <span class='ocrx_word' id='word_1_135' title='bbox 579 1857 730 1930; x_wconf 55' lang='grc'>1121.</span> <span class='ocrx_word' id='word_1_136' title='bbox 764 1869 889 1941; x_wconf 93' lang='lat' dir='ltr'><strong>propter</strong></span> <span class='ocrx_word' id='word_1_137' title='bbox 921 1863 1091 1939; x_wconf 82' lang='lat' dir='ltr'><strong>genetivum</strong></span> <span class='ocrx_word' id='word_1_138' title='bbox 1125 1864 1249 1922; x_wconf 76' lang='lat' dir='ltr'><strong>instnrls</strong></span> <span class='ocrx_word' id='word_1_139' title='bbox 1280 1860 1396 1922; x_wconf 89' lang='lat' dir='ltr'><strong>laudari</strong></span> 
     </span>
     <span class='ocr_line' id='line_1_16' title="bbox 244 1958 1395 2042; baseline 0 -19"><span class='ocrx_word' id='word_1_140' title='bbox 244 1964 347 2024; x_wconf 87' lang='lat' dir='ltr'><strong>statuit</strong></span> <span class='ocrx_word' id='word_1_141' title='bbox 369 1961 448 2042; x_wconf 89' lang='lat' dir='ltr'><strong>apud</strong></span> <span class='ocrx_word' id='word_1_142' title='bbox 471 1963 606 2025; x_wconf 89' lang='lat' dir='ltr'><strong>Servium</strong></span> <span class='ocrx_word' id='word_1_143' title='bbox 631 1962 667 2024; x_wconf 90' lang='lat' dir='ltr'><strong>ad</strong></span> <span class='ocrx_word' id='word_1_144' title='bbox 690 1964 763 2023; x_wconf 87' lang='lat' dir='ltr'><strong>llen.</strong></span> <span class='ocrx_word' id='word_1_145' title='bbox 786 1963 812 2023; x_wconf 94' lang='lat' dir='ltr'><strong>ll</strong></span> <span class='ocrx_word' id='word_1_146' title='bbox 837 1958 886 2024; x_wconf 85' lang='lat'><strong>15.</strong></span> <span class='ocrx_word' id='word_1_147' title='bbox 926 1963 1024 2024; x_wconf 93' lang='lat' dir='ltr'><strong>llinus</strong></span> <span class='ocrx_word' id='word_1_148' title='bbox 1052 1970 1167 2025; x_wconf 89' lang='lat' dir='ltr'><strong>certum</strong></span> <span class='ocrx_word' id='word_1_149' title='bbox 1198 1963 1302 2024; x_wconf 90' lang='lat' dir='ltr'><strong>eodem</strong></span> <span class='ocrx_word' id='word_1_150' title='bbox 1326 1981 1395 2023; x_wconf 90' lang='lat' dir='ltr'><strong>ano·</strong></span> 
     </span>
     <span class='ocr_line' id='line_1_17' title="bbox 245 2059 1396 2152; baseline 0 -28"><span class='ocrx_word' id='word_1_151' title='bbox 245 2073 318 2136; x_wconf 89' lang='lat' dir='ltr'><strong>tore,</strong></span> <span class='ocrx_word' id='word_1_152' title='bbox 342 2071 443 2127; x_wconf 90' lang='lat' dir='ltr'><strong>utrum</strong></span> <span class='ocrx_word' id='word_1_153' title='bbox 467 2084 503 2127; x_wconf 85' lang='lat' dir='ltr'><strong>ex</strong></span> <span class='ocrx_word' id='word_1_154' title='bbox 526 2065 630 2152; x_wconf 90' lang='lat' dir='ltr'><strong>eodem</strong></span> <span class='ocrx_word' id='word_1_155' title='bbox 654 2063 826 2136; x_wconf 84' lang='lat' dir='ltr'><strong>Catholicon</strong></span> <span class='ocrx_word' id='word_1_156' title='bbox 849 2062 914 2126; x_wconf 92' lang='lat' dir='ltr'><strong>loco</strong></span> <span class='ocrx_word' id='word_1_157' title='bbox 937 2084 975 2125; x_wconf 91' lang='lat' dir='ltr'><strong>an</strong></span> <span class='ocrx_word' id='word_1_158' title='bbox 999 2083 1034 2124; x_wconf 90' lang='lat' dir='ltr'><strong>ex</strong></span> <span class='ocrx_word' id='word_1_159' title='bbox 1053 2059 1272 2126; x_wconf 54' lang='lat' dir='ltr'><strong>&#39;commentario</strong></span> <span class='ocrx_word' id='word_1_160' title='bbox 1295 2065 1396 2142; x_wconf 88' lang='lat' dir='ltr'><strong>Vergi-</strong></span> 
     </span>
     <span class='ocr_line' id='line_1_18' title="bbox 243 2163 1029 2248; baseline 0.003 -22"><span class='ocrx_word' id='word_1_161' title='bbox 243 2165 321 2228; x_wconf 88' lang='lat' dir='ltr'><strong>liano</strong></span> <span class='ocrx_word' id='word_1_162' title='bbox 343 2170 435 2248; x_wconf 91' lang='lat' dir='ltr'><strong>petita</strong></span> <span class='ocrx_word' id='word_1_163' title='bbox 458 2169 517 2230; x_wconf 89' lang='lat' dir='ltr'><strong>sint</strong></span> <span class='ocrx_word' id='word_1_164' title='bbox 540 2167 576 2228; x_wconf 92' lang='lat' dir='ltr'><strong>ad</strong></span> <span class='ocrx_word' id='word_1_165' title='bbox 597 2167 669 2229; x_wconf 73' lang='lat' dir='ltr'><strong>alen.</strong></span> <span class='ocrx_word' id='word_1_166' title='bbox 694 2167 732 2227; x_wconf 89' lang='lat' dir='ltr'><strong>Vl</strong></span> <span class='ocrx_word' id='word_1_167' title='bbox 754 2163 816 2228; x_wconf 88' lang='lat'><strong>866</strong></span> <span class='ocrx_word' id='word_1_168' title='bbox 839 2165 979 2227; x_wconf 89' lang='lat' dir='ltr'><strong>adnotata</strong></span> <span class='ocrx_word' id='word_1_169' title='bbox 990 2167 1029 2244; x_wconf 85' lang='lat'><strong>*).</strong></span> 
     </span>
    </p>
   </div>
   <div class='ocr_carea' id='block_1_6' title="bbox 242 2301 1476 3404">
    <p class='ocr_par' dir='ltr' id='par_1_6' title="bbox 242 2281 1476 3404">
     <span class='ocr_line' id='line_1_19' title="bbox 332 2301 1395 2382; baseline -0.002 -18"><span class='ocrx_word' id='word_1_170' title='bbox 332 2304 413 2376; x_wconf 86' lang='lat' dir='ltr'><strong>Quae</strong></span> <span class='ocrx_word' id='word_1_171' title='bbox 437 2305 534 2365; x_wconf 89' lang='lat' dir='ltr'><strong>omnia</strong></span> <span class='ocrx_word' id='word_1_172' title='bbox 558 2302 626 2364; x_wconf 88' lang='lat' dir='ltr'><strong>licet</strong></span> <span class='ocrx_word' id='word_1_173' title='bbox 654 2301 771 2363; x_wconf 88' lang='lat' dir='ltr'><strong>deliniri</strong></span> <span class='ocrx_word' id='word_1_174' title='bbox 799 2309 927 2382; x_wconf 87' lang='lat' dir='ltr'><strong>nequeat</strong></span> <span class='ocrx_word' id='word_1_175' title='bbox 953 2302 984 2361; x_wconf 93' lang='lat' dir='ltr'><strong>in</strong></span> <span class='ocrx_word' id='word_1_176' title='bbox 1012 2320 1070 2381; x_wconf 91' lang='lat' dir='ltr'><strong>quo</strong></span> <span class='ocrx_word' id='word_1_177' title='bbox 1098 2303 1287 2382; x_wconf 88' lang='lat' dir='ltr'><strong>potissimum</strong></span> <span class='ocrx_word' id='word_1_178' title='bbox 1317 2301 1395 2364; x_wconf 93' lang='lat' dir='ltr'><strong>libro</strong></span> 
     </span>
     <span class='ocr_line' id='line_1_20' title="bbox 248 2402 1396 2484; baseline -0.001 -19"><span class='ocrx_word' id='word_1_179' title='bbox 248 2403 362 2483; x_wconf 89' lang='lat' dir='ltr'><strong>prolata</strong></span> <span class='ocrx_word' id='word_1_180' title='bbox 385 2407 452 2473; x_wconf 90' lang='lat' dir='ltr'><strong>sint,</strong></span> <span class='ocrx_word' id='word_1_181' title='bbox 477 2413 558 2466; x_wconf 89' lang='lat' dir='ltr'><strong>certe</strong></span> <span class='ocrx_word' id='word_1_182' title='bbox 581 2404 651 2484; x_wconf 92' lang='lat' dir='ltr'><strong>quid</strong></span> <span class='ocrx_word' id='word_1_183' title='bbox 675 2403 800 2482; x_wconf 91' lang='lat' dir='ltr'><strong>singulis</strong></span> <span class='ocrx_word' id='word_1_184' title='bbox 815 2402 938 2482; x_wconf 91' lang='lat' dir='ltr'><strong>Vergilii</strong></span> <span class='ocrx_word' id='word_1_185' title='bbox 953 2402 1027 2463; x_wconf 91' lang='lat' dir='ltr'><strong>locis</strong></span> <span class='ocrx_word' id='word_1_186' title='bbox 1049 2422 1066 2463; x_wconf 90' lang='lat' dir='ltr'><strong>a</strong></span> <span class='ocrx_word' id='word_1_187' title='bbox 1088 2422 1120 2464; x_wconf 87' lang='lat' dir='ltr'><strong>se</strong></span> <span class='ocrx_word' id='word_1_188' title='bbox 1142 2406 1275 2465; x_wconf 88' lang='lat' dir='ltr'><strong>tractatis</strong></span> <span class='ocrx_word' id='word_1_189' title='bbox 1289 2403 1396 2483; x_wconf 88' lang='lat' dir='ltr'><strong>legerit</strong></span> 
     </span>
     <span class='ocr_line' id='line_1_21' title="bbox 247 2493 1395 2586; baseline 0.001 -20"><span class='ocrx_word' id='word_1_190' title='bbox 247 2506 384 2586; x_wconf 77' lang='lat' dir='ltr'><strong>Berytius</strong></span> <span class='ocrx_word' id='word_1_191' title='bbox 407 2493 619 2586; x_wconf 83' lang='lat' dir='ltr'><strong>grammaticus</strong></span> <span class='ocrx_word' id='word_1_192' title='bbox 647 2506 820 2585; x_wconf 90' lang='lat' dir='ltr'><strong>gravissima</strong></span> <span class='ocrx_word' id='word_1_193' title='bbox 848 2504 994 2583; x_wconf 89' lang='lat' dir='ltr'><strong>praebent</strong></span> <span class='ocrx_word' id='word_1_194' title='bbox 1021 2506 1205 2576; x_wconf 90' lang='lat' dir='ltr'><strong>testimonia,</strong></span> <span class='ocrx_word' id='word_1_195' title='bbox 1235 2525 1310 2586; x_wconf 89' lang='lat' dir='ltr'><strong>quae</strong></span> <span class='ocrx_word' id='word_1_196' title='bbox 1333 2506 1395 2585; x_wconf 89' lang='lat' dir='ltr'><strong>ple·</strong></span> 
     </span>
     <span class='ocr_line' id='line_1_22' title="bbox 246 2605 1396 2688; baseline -0.002 -19"><span class='ocrx_word' id='word_1_197' title='bbox 246 2610 312 2669; x_wconf 91' lang='lat' dir='ltr'><strong>nius</strong></span> <span class='ocrx_word' id='word_1_198' title='bbox 342 2608 412 2668; x_wconf 95' lang='lat' dir='ltr'><strong>olim</strong></span> <span class='ocrx_word' id='word_1_199' title='bbox 443 2607 542 2687; x_wconf 90' lang='lat' dir='ltr'><strong>colligi</strong></span> <span class='ocrx_word' id='word_1_200' title='bbox 570 2614 725 2688; x_wconf 91' lang='lat' dir='ltr'><strong>poterunt,</strong></span> <span class='ocrx_word' id='word_1_201' title='bbox 758 2615 917 2688; x_wconf 90' lang='lat' dir='ltr'><strong>postquam</strong></span> <span class='ocrx_word' id='word_1_202' title='bbox 945 2605 1141 2684; x_wconf 87' lang='lat' dir='ltr'><strong>reliquiarum</strong></span> <span class='ocrx_word' id='word_1_203' title='bbox 1172 2606 1278 2668; x_wconf 88' lang='lat' dir='ltr'><strong>Valerii</strong></span> <span class='ocrx_word' id='word_1_204' title='bbox 1305 2607 1396 2670; x_wconf 91' lang='lat' dir='ltr'><strong>Probi</strong></span> 
     </span>
     <span class='ocr_line' id='line_1_23' title="bbox 247 2701 1476 2790; baseline 0 -20"><span class='ocrx_word' id='word_1_205' title='bbox 247 2729 356 2790; x_wconf 90' lang='lat' dir='ltr'><strong>corpus</strong></span> <span class='ocrx_word' id='word_1_206' title='bbox 379 2709 482 2773; x_wconf 88' lang='lat' dir='ltr'><strong>eadem</strong></span> <span class='ocrx_word' id='word_1_207' title='bbox 506 2709 658 2788; x_wconf 89' lang='lat' dir='ltr'><strong>diligentia</strong></span> <span class='ocrx_word' id='word_1_208' title='bbox 681 2711 850 2772; x_wconf 89' lang='lat' dir='ltr'><strong>conlectum</strong></span> <span class='ocrx_word' id='word_1_209' title='bbox 875 2710 945 2778; x_wconf 92' lang='lat' dir='ltr'><strong>erit,</strong></span> <span class='ocrx_word' id='word_1_210' title='bbox 969 2707 1048 2789; x_wconf 89' lang='lat' dir='ltr'><strong>quali</strong></span> <span class='ocrx_word' id='word_1_211' title='bbox 1072 2709 1270 2771; x_wconf 88' lang='lat' dir='ltr'><strong>Suetonianae</strong></span> <span class='ocrx_word' id='word_1_212' title='bbox 1294 2710 1395 2771; x_wconf 89' lang='lat' dir='ltr'><strong>erudi·</strong></span> <span class='ocrx_word' id='word_1_213' title='bbox 1473 2701 1476 2708; x_wconf 64' lang='grc'><em>’</em></span> 
     </span>
     <span class='ocr_line' id='line_1_24' title="bbox 247 2807 1396 2891; baseline -0.001 -18"><span class='ocrx_word' id='word_1_214' title='bbox 247 2813 337 2874; x_wconf 92' lang='lat' dir='ltr'><strong>tionis</strong></span> <span class='ocrx_word' id='word_1_215' title='bbox 360 2807 435 2891; x_wconf 86' lang='lat' dir='ltr'><strong>qbae</strong></span> <span class='ocrx_word' id='word_1_216' title='bbox 459 2820 621 2890; x_wconf 91' lang='lat' dir='ltr'><strong>supersunt</strong></span> <span class='ocrx_word' id='word_1_217' title='bbox 635 2811 897 2874; x_wconf 82' lang='lat' dir='ltr'><strong>Deillersclreidius</strong></span> <span class='ocrx_word' id='word_1_218' title='bbox 920 2812 1152 2874; x_wconf 86' lang='lat' dir='ltr'><strong>reconcinnavit.</strong></span> <span class='ocrx_word' id='word_1_219' title='bbox 1198 2813 1322 2873; x_wconf 88' lang='lat' dir='ltr'><strong>Interim</strong></span> <span class='ocrx_word' id='word_1_220' title='bbox 1345 2811 1396 2873; x_wconf 90' lang='lat' dir='ltr'><strong>ad-</strong></span> 
     </span>
     <span class='ocr_line' id='line_1_25' title="bbox 242 2912 1395 2994; baseline 0.001 -20"><span class='ocrx_word' id='word_1_221' title='bbox 242 2915 325 2976; x_wconf 89' lang='lat' dir='ltr'><strong>iutus</strong></span> <span class='ocrx_word' id='word_1_222' title='bbox 354 2916 406 2984; x_wconf 92' lang='lat' dir='ltr'><strong>eis,</strong></span> <span class='ocrx_word' id='word_1_223' title='bbox 436 2934 511 2994; x_wconf 92' lang='lat' dir='ltr'><strong>qnae</strong></span> <span class='ocrx_word' id='word_1_224' title='bbox 533 2916 568 2980; x_wconf 88' lang='lat' dir='ltr'><strong>il.</strong></span> <span class='ocrx_word' id='word_1_225' title='bbox 591 2914 718 2986; x_wconf 87' lang='lat' dir='ltr'><strong>lleilius,</strong></span> <span class='ocrx_word' id='word_1_226' title='bbox 748 2912 1009 2983; x_wconf 89' lang='lat' dir='ltr'><strong>llretzschmcrus,</strong></span> <span class='ocrx_word' id='word_1_227' title='bbox 1041 2913 1222 2976; x_wconf 88' lang='lat' dir='ltr'><strong>llerchlinus</strong></span> <span class='ocrx_word' id='word_1_228' title='bbox 1250 2912 1269 2973; x_wconf 87' lang='lat'><strong>1.</strong></span> <span class='ocrx_word' id='word_1_229' title='bbox 1291 2912 1329 2982; x_wconf 89' lang='lat' dir='ltr'><strong>l.,</strong></span> <span class='ocrx_word' id='word_1_230' title='bbox 1357 2914 1395 2975; x_wconf 89' lang='grc' dir='ltr'><strong>Μ.</strong></span> 
     </span>
     <span class='ocr_line' id='line_1_26' title="bbox 246 3014 1395 3094; baseline -0.001 -17"><span class='ocrx_word' id='word_1_231' title='bbox 246 3017 384 3078; x_wconf 85' lang='lat' dir='ltr'><strong>llertzius</strong></span> <span class='ocrx_word' id='word_1_232' title='bbox 415 3018 454 3094; x_wconf 85' lang='lat' dir='ltr'><strong>(in</strong></span> <span class='ocrx_word' id='word_1_233' title='bbox 478 3018 726 3079; x_wconf 87' lang='lat' dir='ltr'><strong>commentatione</strong></span> <span class='ocrx_word' id='word_1_234' title='bbox 755 3015 791 3076; x_wconf 91' lang='lat' dir='ltr'><strong>de</strong></span> <span class='ocrx_word' id='word_1_235' title='bbox 815 3014 908 3077; x_wconf 86' lang='lat' dir='ltr'><strong>Gellio</strong></span> <span class='ocrx_word' id='word_1_236' title='bbox 937 3023 966 3076; x_wconf 90' lang='lat' dir='ltr'><strong>et</strong></span> <span class='ocrx_word' id='word_1_237' title='bbox 987 3017 1083 3078; x_wconf 91' lang='lat' dir='ltr'><strong>Nonio</strong></span> <span class='ocrx_word' id='word_1_238' title='bbox 1112 3015 1269 3076; x_wconf 86' lang='lat' dir='ltr'><strong>annalibus</strong></span> <span class='ocrx_word' id='word_1_239' title='bbox 1291 3015 1395 3078; x_wconf 86' lang='lat' dir='ltr'><strong>Fleck-</strong></span> 
     </span>
     <span class='ocr_line' id='line_1_27' title="bbox 245 3115 1394 3199; baseline 0 -20"><span class='ocrx_word' id='word_1_240' title='bbox 245 3121 338 3180; x_wconf 87' lang='lat' dir='ltr'><strong>eiseni</strong></span> <span class='ocrx_word' id='word_1_241' title='bbox 372 3139 397 3181; x_wconf 93' lang='lat' dir='ltr'><strong>a.</strong></span> <span class='ocrx_word' id='word_1_242' title='bbox 434 3115 516 3180; x_wconf 85' lang='lat'>1862</span> <span class='ocrx_word' id='word_1_243' title='bbox 549 3121 661 3181; x_wconf 88' lang='lat' dir='ltr'><strong>inserta</strong></span> <span class='ocrx_word' id='word_1_244' title='bbox 691 3138 720 3199; x_wconf 95' lang='lat' dir='ltr'><strong>p.</strong></span> <span class='ocrx_word' id='word_1_245' title='bbox 752 3115 814 3180; x_wconf 78' lang='lat'><strong>780</strong></span> <span class='ocrx_word' id='word_1_246' title='bbox 836 3118 912 3197; x_wconf 86' lang='lat' dir='ltr'><strong>sqq.)</strong></span> <span class='ocrx_word' id='word_1_247' title='bbox 949 3120 1094 3197; x_wconf 88' lang='lat' dir='ltr'><strong>sagaciter</strong></span> <span class='ocrx_word' id='word_1_248' title='bbox 1117 3117 1394 3189; x_wconf 87' lang='lat' dir='ltr'><strong>animadverterant,</strong></span> 
     </span>
     <span class='ocr_line' id='line_1_28' title="bbox 248 3219 1434 3302; baseline 0.001 -21"><span class='ocrx_word' id='word_1_249' title='bbox 248 3222 407 3292; x_wconf 87' lang='lat' dir='ltr'><strong>extremis,</strong></span> <span class='ocrx_word' id='word_1_250' title='bbox 431 3229 464 3282; x_wconf 93' lang='lat' dir='ltr'><strong>ut</strong></span> <span class='ocrx_word' id='word_1_251' title='bbox 486 3222 583 3292; x_wconf 86' lang='lat' dir='ltr'><strong>aiunt,</strong></span> <span class='ocrx_word' id='word_1_252' title='bbox 599 3220 705 3282; x_wconf 90' lang='lat' dir='ltr'><strong>labris</strong></span> <span class='ocrx_word' id='word_1_253' title='bbox 727 3239 821 3302; x_wconf 88' lang='lat' dir='ltr'><strong>pauca</strong></span> <span class='ocrx_word' id='word_1_254' title='bbox 845 3219 1005 3299; x_wconf 87' lang='lat' dir='ltr'><strong>quaedam,</strong></span> <span class='ocrx_word' id='word_1_255' title='bbox 1029 3238 1104 3300; x_wconf 90' lang='lat' dir='ltr'><strong>quae</strong></span> <span class='ocrx_word' id='word_1_256' title='bbox 1128 3219 1162 3280; x_wconf 92' lang='lat' dir='ltr'><strong>ad</strong></span> <span class='ocrx_word' id='word_1_257' title='bbox 1188 3228 1300 3281; x_wconf 89' lang='lat' dir='ltr'><strong>textum</strong></span> <span class='ocrx_word' id='word_1_258' title='bbox 1323 3222 1390 3282; x_wconf 90' lang='lat' dir='ltr'><strong>Ver·</strong></span> <span class='ocrx_word' id='word_1_259' title='bbox 1432 3271 1434 3274; x_wconf 93' lang='lat'><strong>.</strong></span> 
     </span>
     <span class='ocr_line' id='line_1_29' title="bbox 244 3321 669 3404; baseline 0 -21"><span class='ocrx_word' id='word_1_260' title='bbox 244 3323 307 3400; x_wconf 90' lang='lat' dir='ltr'><strong>gilii</strong></span> <span class='ocrx_word' id='word_1_261' title='bbox 329 3329 509 3404; x_wconf 87' lang='lat' dir='ltr'><strong>spectarent,</strong></span> <span class='ocrx_word' id='word_1_262' title='bbox 533 3321 669 3383; x_wconf 89' lang='lat' dir='ltr'><strong>delibavi.</strong></span> 
     </span>
    </p>
   </div>
   <div class='ocr_carea' id='block_1_7' title="bbox 248 3456 1396 3638">
    <p class='ocr_par' dir='ltr' id='par_1_7' title="bbox 248 3456 1396 3638">
     <span class='ocr_line' id='line_1_30' title="bbox 329 3456 1393 3537; baseline 0.001 -17"><span class='ocrx_word' id='word_1_263' title='bbox 329 3458 450 3537; x_wconf 90' lang='lat' dir='ltr'><strong>Legisse</strong></span> <span class='ocrx_word' id='word_1_264' title='bbox 473 3459 578 3537; x_wconf 91' lang='lat' dir='ltr'><strong>igitur,</strong></span> <span class='ocrx_word' id='word_1_265' title='bbox 607 3467 640 3518; x_wconf 92' lang='lat' dir='ltr'><strong>nt</strong></span> <span class='ocrx_word' id='word_1_266' title='bbox 668 3457 717 3518; x_wconf 92' lang='lat' dir='ltr'><strong>ubi</strong></span> <span class='ocrx_word' id='word_1_267' title='bbox 746 3465 847 3518; x_wconf 88' lang='lat' dir='ltr'><strong>nostra</strong></span> <span class='ocrx_word' id='word_1_268' title='bbox 877 3456 964 3518; x_wconf 91' lang='lat' dir='ltr'><strong>lectio</strong></span> <span class='ocrx_word' id='word_1_269' title='bbox 988 3459 1080 3518; x_wconf 85' lang='lat' dir='ltr'><strong>variat</strong></span> <span class='ocrx_word' id='word_1_270' title='bbox 1103 3457 1238 3537; x_wconf 89' lang='lat' dir='ltr'><strong>exempla</strong></span> <span class='ocrx_word' id='word_1_271' title='bbox 1262 3459 1393 3529; x_wconf 80' lang='lat' dir='ltr'><strong>afferam,</strong></span> 
     </span>
     <span class='ocr_line' id='line_1_31' title="bbox 248 3556 1396 3638; baseline 0.002 -18"><span class='ocrx_word' id='word_1_272' title='bbox 248 3559 379 3621; x_wconf 88' lang='lat' dir='ltr'><strong>Probum</strong></span> <span class='ocrx_word' id='word_1_273' title='bbox 409 3562 513 3622; x_wconf 89' lang='lat' dir='ltr'><strong>testari</strong></span> <span class='ocrx_word' id='word_1_274' title='bbox 540 3559 655 3619; x_wconf 90' lang='lat' dir='ltr'><strong>videtur</strong></span> <span class='ocrx_word' id='word_1_275' title='bbox 684 3558 834 3620; x_wconf 85' lang='lat' dir='ltr'><strong>Charisius</strong></span> <span class='ocrx_word' id='word_1_276' title='bbox 857 3577 904 3638; x_wconf 89' lang='lat' dir='ltr'><strong>ge.</strong></span> <span class='ocrx_word' id='word_1_277' title='bbox 933 3559 987 3621; x_wconf 94' lang='lat' dir='ltr'><strong>llll</strong></span> <span class='ocrx_word' id='word_1_278' title='bbox 1013 3556 1054 3621; x_wconf 88' lang='grc'><strong>88</strong></span> <span class='ocrx_word' id='word_1_279' title='bbox 1084 3561 1179 3629; x_wconf 83' lang='lat' dir='ltr'><strong>umbo,</strong></span> <span class='ocrx_word' id='word_1_280' title='bbox 1223 3563 1296 3621; x_wconf 81' lang='lat' dir='ltr'><strong>Aen.</strong></span> <span class='ocrx_word' id='word_1_281' title='bbox 1319 3559 1396 3622; x_wconf 87' lang='lat'><strong>130</strong></span> 
     </span>
    </p>
   </div>
   <div class='ocr_carea' id='block_1_8' title="bbox 236 3659 1396 3842">
    <p class='ocr_par' dir='ltr' id='par_1_8' title="bbox 236 3659 1396 3842">
     <span class='ocr_line' id='line_1_32' title="bbox 247 3659 1396 3758; baseline 0.003 -37"><span class='ocrx_word' id='word_1_282' title='bbox 247 3664 368 3732; x_wconf 81' lang='lat' dir='ltr'><strong>Achilli,</strong></span> <span class='ocrx_word' id='word_1_283' title='bbox 402 3663 424 3722; x_wconf 94' lang='lat' dir='ltr'>V</span> <span class='ocrx_word' id='word_1_284' title='bbox 446 3659 506 3723; x_wconf 84' lang='lat'><strong>531</strong></span> <span class='ocrx_word' id='word_1_285' title='bbox 532 3663 674 3731; x_wconf 77' lang='lat' dir='ltr'><strong>Acesten,</strong></span> <span class='ocrx_word' id='word_1_286' title='bbox 704 3660 864 3758; x_wconf 72' lang='lat' dir='ltr'><strong>Diomedes</strong></span> <span class='ocrx_word' id='word_1_287' title='bbox 886 3661 958 3722; x_wconf 79' lang='lat' dir='ltr'><strong>Aen.</strong></span> <span class='ocrx_word' id='word_1_288' title='bbox 983 3659 1264 3732; x_wconf 79' lang='lat' dir='ltr'><strong>1111427reoelle‘,</strong></span> <span class='ocrx_word' id='word_1_289' title='bbox 1293 3662 1317 3723; x_wconf 81' lang='lat' dir='ltr'><strong>x</strong></span> <span class='ocrx_word' id='word_1_290' title='bbox 1336 3660 1396 3724; x_wconf 83' lang='lat'><strong>108</strong></span> 
     </span>
     <span class='ocr_line' id='line_1_33' title="bbox 236 3758 1394 3842; baseline 0.002 -18"><span class='ocrx_word' id='word_1_291' title='bbox 236 3764 318 3840; x_wconf 84' lang='lat' dir='ltr'><strong>sunt,</strong></span> <span class='ocrx_word' id='word_1_292' title='bbox 350 3765 520 3825; x_wconf 87' lang='lat' dir='ltr'><strong>Priscianus</strong></span> <span class='ocrx_word' id='word_1_293' title='bbox 553 3781 598 3842; x_wconf 88' lang='lat' dir='ltr'><strong>ge.</strong></span> <span class='ocrx_word' id='word_1_294' title='bbox 631 3763 643 3823; x_wconf 98' lang='lat' dir='ltr'><strong>l</strong></span> <span class='ocrx_word' id='word_1_295' title='bbox 671 3758 733 3824; x_wconf 84' lang='grc'><strong>261</strong></span> <span class='ocrx_word' id='word_1_296' title='bbox 763 3765 890 3835; x_wconf 80' lang='lat' dir='ltr'><strong>obtunsi,</strong></span> <span class='ocrx_word' id='word_1_297' title='bbox 926 3764 953 3825; x_wconf 96' lang='lat' dir='ltr'><strong>ll</strong></span> <span class='ocrx_word' id='word_1_298' title='bbox 981 3760 1045 3826; x_wconf 79' lang='lat'><strong>250</strong></span> <span class='ocrx_word' id='word_1_299' title='bbox 1066 3767 1215 3835; x_wconf 82' lang='lat' dir='ltr'><strong>lentescit,</strong></span> <span class='ocrx_word' id='word_1_300' title='bbox 1249 3761 1313 3826; x_wconf 78' lang='grc'><strong>425</strong></span> <span class='ocrx_word' id='word_1_301' title='bbox 1340 3784 1394 3826; x_wconf 86' lang='lat' dir='ltr'><strong>nn·</strong></span> 
     </span>
    </p>
   </div>
   <div class='ocr_carea' id='block_1_9' title="bbox 244 3937 549 3962">
    <p class='ocr_par' dir='ltr' id='par_1_9' title="bbox 244 3937 549 3962">
     <span class='ocr_line' id='line_1_34' title="bbox 244 3937 549 3962; baseline -0.007 0"><span class='ocrx_word' id='word_1_302' title='bbox 244 3937 549 3962; x_wconf 77' lang='lat' dir='ltr'><strong>...t———..</strong></span> 
     </span>
    </p>
   </div>
   <div class='ocr_carea' id='block_1_10' title="bbox 242 4051 1449 4450">
    <p class='ocr_par' dir='ltr' id='par_1_10' title="bbox 242 4051 1449 4450">
     <span class='ocr_line' id='line_1_35' title="bbox 318 4051 1396 4120; baseline 0.002 -18"><span class='ocrx_word' id='word_1_303' title='bbox 318 4053 344 4116; x_wconf 77' lang='lat' dir='ltr'><strong>*l</strong></span> <span class='ocrx_word' id='word_1_304' title='bbox 366 4051 489 4104; x_wconf 84' lang='lat' dir='ltr'><strong>Servius:</strong></span> <span class='ocrx_word' id='word_1_305' title='bbox 509 4053 624 4116; x_wconf 60' lang='lat' dir='ltr'><strong>‘inuiam</strong></span> <span class='ocrx_word' id='word_1_306' title='bbox 643 4052 804 4116; x_wconf 84' lang='lat' dir='ltr'><strong>similitudo,</strong></span> <span class='ocrx_word' id='word_1_307' title='bbox 824 4057 851 4102; x_wconf 89' lang='lat' dir='ltr'><strong>et</strong></span> <span class='ocrx_word' id='word_1_308' title='bbox 870 4057 912 4104; x_wconf 86' lang='lat' dir='ltr'><strong>est</strong></span> <span class='ocrx_word' id='word_1_309' title='bbox 924 4069 1033 4116; x_wconf 90' lang='lat' dir='ltr'><strong>nomeu,</strong></span> <span class='ocrx_word' id='word_1_310' title='bbox 1053 4053 1191 4119; x_wconf 90' lang='lat' dir='ltr'><strong>quodnon</strong></span> <span class='ocrx_word' id='word_1_311' title='bbox 1204 4054 1304 4119; x_wconf 88' lang='lat' dir='ltr'><strong>recipit</strong></span> <span class='ocrx_word' id='word_1_312' title='bbox 1316 4069 1396 4120; x_wconf 85' lang='lat' dir='ltr'><strong>prce·</strong></span> 
     </span>
     <span class='ocr_line' id='line_1_36' title="bbox 246 4137 1395 4204; baseline 0.003 -18"><span class='ocrx_word' id='word_1_313' title='bbox 246 4137 422 4202; x_wconf 82' lang='lat' dir='ltr'><strong>positionem.</strong></span> <span class='ocrx_word' id='word_1_314' title='bbox 441 4139 477 4188; x_wconf 84' lang='lat' dir='ltr'><strong>nd</strong></span> <span class='ocrx_word' id='word_1_315' title='bbox 493 4139 577 4186; x_wconf 80' lang='lat' dir='ltr'><strong>inslnr</strong></span> <span class='ocrx_word' id='word_1_316' title='bbox 591 4137 663 4186; x_wconf 87' lang='lat' dir='ltr'><strong>enim</strong></span> <span class='ocrx_word' id='word_1_317' title='bbox 678 4153 732 4187; x_wconf 91' lang='lat' dir='ltr'><strong>non</strong></span> <span class='ocrx_word' id='word_1_318' title='bbox 746 4137 871 4200; x_wconf 81' lang='lat' dir='ltr'><strong>dicimus,</strong></span> <span class='ocrx_word' id='word_1_319' title='bbox 890 4140 959 4204; x_wconf 83' lang='lat' dir='ltr'><strong>qnod</strong></span> <span class='ocrx_word' id='word_1_320' title='bbox 970 4138 1071 4188; x_wconf 78' lang='lat' dir='ltr'><strong>Probus</strong></span> <span class='ocrx_word' id='word_1_321' title='bbox 1083 4140 1213 4190; x_wconf 81' lang='lat' dir='ltr'><strong>deelarnt&#39;</strong></span> <span class='ocrx_word' id='word_1_322' title='bbox 1233 4139 1285 4202; x_wconf 83' lang='lat' dir='ltr'><strong>(eie</strong></span> <span class='ocrx_word' id='word_1_323' title='bbox 1298 4139 1395 4204; x_wconf 82' lang='lat' dir='ltr'><strong>Regin.</strong></span> 
     </span>
     <span class='ocr_line' id='line_1_37' title="bbox 248 4218 1449 4288; baseline 0.001 -17"><span class='ocrx_word' id='word_1_324' title='bbox 248 4218 339 4286; x_wconf 76' lang='lat' dir='ltr'><strong>toti).</strong></span> <span class='ocrx_word' id='word_1_325' title='bbox 376 4223 462 4284; x_wconf 83' lang='lat' dir='ltr'><strong>Quae,</strong></span> <span class='ocrx_word' id='word_1_326' title='bbox 483 4223 507 4270; x_wconf 86' lang='lat' dir='ltr'><strong>ai</strong></span> <span class='ocrx_word' id='word_1_327' title='bbox 525 4237 619 4272; x_wconf 81' lang='lat' dir='ltr'><strong>venam</strong></span> <span class='ocrx_word' id='word_1_328' title='bbox 639 4226 681 4272; x_wconf 88' lang='lat' dir='ltr'><strong>est</strong></span> <span class='ocrx_word' id='word_1_329' title='bbox 700 4223 771 4286; x_wconf 88' lang='lat' dir='ltr'><strong>quod</strong></span> <span class='ocrx_word' id='word_1_330' title='bbox 789 4223 934 4272; x_wconf 87' lang='lat' dir='ltr'><strong>Parisinus</strong></span> <span class='ocrx_word' id='word_1_331' title='bbox 952 4223 1018 4272; x_wconf 75' lang='lat'>7929</span> <span class='ocrx_word' id='word_1_332' title='bbox 1036 4223 1152 4288; x_wconf 87' lang='lat' dir='ltr'><strong>praebet</strong></span> <span class='ocrx_word' id='word_1_333' title='bbox 1175 4225 1330 4286; x_wconf 83' lang='lat' dir='ltr'><strong>‘derli’nnt’‚</strong></span> <span class='ocrx_word' id='word_1_334' title='bbox 1360 4223 1394 4272; x_wconf 85' lang='lat' dir='ltr'><strong>ad</strong></span> <span class='ocrx_word' id='word_1_335' title='bbox 1446 4248 1449 4252; x_wconf 40' lang='grc'>’</span> 
     </span>
     <span class='ocr_line' id='line_1_38' title="bbox 244 4305 1394 4362; baseline 0.003 -7"><span class='ocrx_word' id='word_1_336' title='bbox 244 4305 321 4356; x_wconf 88' lang='lat' dir='ltr'><strong>illum</strong></span> <span class='ocrx_word' id='word_1_337' title='bbox 342 4305 507 4356; x_wconf 83' lang='lat' dir='ltr'><strong>Catlaolirou</strong></span> <span class='ocrx_word' id='word_1_338' title='bbox 527 4305 616 4356; x_wconf 89' lang='lat' dir='ltr'><strong>locum</strong></span> <span class='ocrx_word' id='word_1_339' title='bbox 641 4312 717 4356; x_wconf 86' lang='lat' dir='ltr'><strong>certo</strong></span> <span class='ocrx_word' id='word_1_340' title='bbox 735 4307 901 4358; x_wconf 78' lang='lat' dir='ltr'><strong>reseruntur.</strong></span> <span class='ocrx_word' id='word_1_341' title='bbox 937 4307 981 4361; x_wconf 85' lang='lat' dir='ltr'><strong>Ci.</strong></span> <span class='ocrx_word' id='word_1_342' title='bbox 1001 4307 1078 4360; x_wconf 87' lang='lat' dir='ltr'><strong>Serv.</strong></span> <span class='ocrx_word' id='word_1_343' title='bbox 1101 4308 1137 4357; x_wconf 77' lang='lat' dir='ltr'><strong>ad</strong></span> <span class='ocrx_word' id='word_1_344' title='bbox 1154 4309 1224 4362; x_wconf 82' lang='lat' dir='ltr'><strong>Aen.</strong></span> <span class='ocrx_word' id='word_1_345' title='bbox 1244 4311 1270 4358; x_wconf 96' lang='lat' dir='ltr'><strong>lI</strong></span> <span class='ocrx_word' id='word_1_346' title='bbox 1291 4311 1322 4358; x_wconf 76' lang='lat' dir='ltr'><strong>lta</strong></span> <span class='ocrx_word' id='word_1_347' title='bbox 1340 4312 1394 4357; x_wconf 84' lang='lat' dir='ltr'><strong>‘in-</strong></span> 
     </span>
     <span class='ocr_line' id='line_1_39' title="bbox 242 4389 1264 4450; baseline -0.001 -9"><span class='ocrx_word' id='word_1_348' title='bbox 242 4399 299 4441; x_wconf 81' lang='lat' dir='ltr'><strong>star</strong></span> <span class='ocrx_word' id='word_1_349' title='bbox 317 4407 414 4442; x_wconf 89' lang='lat' dir='ltr'><strong>nomen</strong></span> <span class='ocrx_word' id='word_1_350' title='bbox 434 4395 477 4440; x_wconf 84' lang='lat' dir='ltr'><strong>eet</strong></span> <span class='ocrx_word' id='word_1_351' title='bbox 495 4389 702 4450; x_wconf 80' lang='lat' dir='ltr'><strong>indeclinabile,</strong></span> <span class='ocrx_word' id='word_1_352' title='bbox 722 4391 789 4442; x_wconf 88' lang='lat' dir='ltr'><strong>licet</strong></span> <span class='ocrx_word' id='word_1_353' title='bbox 807 4393 913 4442; x_wconf 88' lang='lat' dir='ltr'><strong>Probus</strong></span> <span class='ocrx_word' id='word_1_354' title='bbox 931 4394 1037 4442; x_wconf 76' lang='lat' dir='ltr'><strong>initeris</strong></span> <span class='ocrx_word' id='word_1_355' title='bbox 1055 4391 1264 4446; x_wconf 59' lang='lat' dir='ltr'><strong>declinaverit)</strong></span> 
     </span>
    </p>
   </div>
   <div class='ocr_carea' id='block_1_11' title="bbox 0 0 1524 4912">
    <p class='ocr_par' dir='ltr' id='par_1_11' title="bbox 0 0 1524 4912">
     <span class='ocr_line' id='line_1_40' title="bbox 0 0 1524 4912; baseline 0 0"><span class='ocrx_word' id='word_1_356' title='bbox 0 0 1524 4912; x_wconf 95' lang='lat' dir='ltr'><strong> </strong></span> 
     </span>
    </p>
   </div>
  </div>
 </body>
</html>
