3038 4912
264 321 307 386 94
711 339 953 387 rnouanonauu.
978 375 988 386 .

265 519 362 572 tamen
392 511 550 594 Aristonici
578 510 613 570 ad
642 509 764 571 Homeri
791 512 819 570 Y
842 507 905 570 269
937 509 1050 571 scholio
1083 509 1210 590 quodam
1244 529 1412 581 monemur,
1474 483 1479 490 ¹

264 631 353 692 posse
376 614 465 674 etiem
488 611 691 693 paulominus
713 613 804 692 turpi,
828 611 898 673 licet
920 613 1013 690 magis
1037 613 1124 673 etiam
1147 631 1291 692 perverso
1315 613 1413 692 studio

264 714 510 794 interpolatorem
549 715 669 776 ductum
707 716 815 792 putari.
875 713 954 774 llaec
988 715 1067 774 enim
1101 712 1168 774 ille:
1208 702 1413 774 ιἰθετοῦνται

264 813 370 894 στίχοι
393 805 438 892 d',
473 804 523 876 ὅτι
547 809 823 894 διεσκευασμένοι
845 807 931 875 εἰσὶν
951 805 1020 876 dud
1041 833 1140 886 τινος.
1154 810 1222 875 τῶν
1243 811 1412 896 βουλομέ-

264 937 335 977 νων
363 910 541 997 πρόβλημα
569 924 680 977 ποιεῖν
709 918 758 994 (cl.
782 916 876 978 Lehrs
904 916 940 976 de
962 918 1050 979 Arist.
1081 917 1157 978 suad.
1187 936 1216 998 p.
1239 913 1324 996 210).
1374 919 1414 979 Ut

263 1021 405 1080 sortasse·
424 1028 528 1096 noster
557 1035 675 1098 quoque
704 1018 787 1079 locus
815 1020 959 1080 acuminis
989 1018 1157 1080 ostentandi
1190 1018 1235 1106 l⁰¹
1270 1020 1412 1099 carpendi

263 1129 370 1200 poetae
391 1139 480 1182 causa
510 1139 526 1180 a
556 1120 648 1181 sciolo
676 1122 777 1182 nescio
807 1140 867 1201 quo
895 1121 1073 1200 suppositus
1096 1113 1147 1181 sit'
1196 1120 1233 1182 Et
1260 1131 1414 1201 comparat

264 1222 407 1284 Lehrsius
429 1222 448 1283 l.
471 1221 491 1283 l.
517 1239 585 1282 cnm
608 1222 697 1283 simili
719 1240 843 1302 prorsus
865 1222 1002 1284 licentiae
1025 1220 1161 1300 exemplo
1183 1221 1220 1283 ad
1242 1221 1267 1282 ll
1289 1219 1352 1283 372
1375 1222 1412 1284 ab

267 1326 436 1387 Aristonico
465 1322 581 1404 prolato
605 1311 666 1404 (ὅτι
687 1319 848 1394 θέλοντες
869 1314 993 1402 ζήτημα
1022 1329 1132 1383 ποιεῖν
1157 1315 1412 1402 μεταγράφουσι

264 1415 302 1486 τά
331 1413 521 1504 ἦμιστίχιον
549 1411 672 1503 οὕτως,
703 1418 758 1486 καὶ
785 1417 891 1504 βάλεν
920 1413 997 1486 odd’
1028 1414 1233 1503 ἐφάμαρτεν,
1263 1414 1349 1486 ἑκών
1378 1414 1411 1484 d'

264 1518 436 1609 ἡμάρτανε
461 1518 583 1606 φωτός,
607 1545 662 1606 pro
684 1507 705 1606 ἦ
727 1522 770 1605 ῥα
792 1519 848 1586 καὶ
870 1525 964 1608 ἔγχος
986 1515 1144 1606 ἅμαρτεν,
1168 1515 1255 1588 ἑκάν
1277 1546 1306 1587 ιι.
1323 1546 1351 1587 τ.
1368 1526 1409 1603 λ.)

263 1637 440 1710 corruptum
463 1628 536 1689 lalsa
561 1628 750 1690 distinctione
773 1647 790 1688 a
812 1628 1067 1707 Vergiliomastige
1089 1645 1210 1690 versum
1234 1627 1289 1690 ecl.
1312 1625 1410 1690 1123.

343 1730 557 1793 'Emendan’sse
580 1715 724 1792 dicuntur
748 1731 853 1792 Varius
876 1738 906 1790 et
927 1730 1026 1792 Tucca
1050 1727 1199 1799 V11464‚
1232 1730 1282 1791 ubi
1312 1739 1410 1792 tamen

267 1853 326 1895 nou
350 1835 421 1894 satis
443 1831 538 1911 liquet
560 1839 661 1894 utrum
686 1836 815 1912 ‘aquae’
840 1831 936 1893 solum
959 1833 1048 1892 metri
1070 1833 1140 1893 vitio
1156 1851 1193 1893 an
1217 1833 1329 1910 ‘aquae
1344 1834 1410 1902 ris'‚

201 1967 202 1970 ¹
263 1934 342 2016 quod
367 1934 508 1997 Macrobii
530 1954 647 2015 quoque
670 1934 790 1995 codices
819 1934 978 2014 praebent,
1008 1934 1165 2011 reliquisse
1195 1934 1346 2012 putandus
1373 1936 1413 1994 sit

263 2045 370 2117 poeta:
401 2055 470 2098 narn
499 2040 610 2116 ‘aquae
629 2037 751 2116 ¹amnis'
780 2037 883 2098 vitiosa
912 2034 1031 2097 iambici
1059 2035 1194 2108 vocabuli
1217 2035 1340 2097 elisione
1363 2036 1410 2117 (cl.

199 2129 204 2136 '⁴
262 2138 383 2200 Laclrm.
408 2138 498 2199 Lucr.
526 2134 596 2217 196)
619 2157 657 2198 ne
680 2140 777 2218 primu
801 2137 919 2215 quidem
943 2139 1099 2200 conamine
1120 2137 1232 2198 fudisse
1254 2145 1361 2216 potest,
1386 2139 1411 2198 si

262 2240 382 2320 quidem
406 2257 526 2301 versum
550 2248 727 2319 sequentem
750 2239 828 2302 idem
851 2241 959 2319 posuit.
1009 2243 1050 2301 Ac
1079 2242 1207 2300 sortasse
1229 2257 1267 2298 ne
1290 2240 1411 2300 Servius

262 2342 381 2424 quidem
409 2341 467 2402 tale
491 2341 560 2419 quid
585 2341 740 2403 tradidisse
763 2342 930 2403 credendus
954 2350 1014 2410 est,
1043 2340 1095 2402 sed
1125 2343 1168 2404 sic
1191 2339 1408 2402 emendandus:

262 2447 350 2505 ‘nom
372 2446 524 2518 Vcrptlius
545 2447 589 2504 sic
610 2447 790 2520 reliquerat:
812 2445 884 2504 lurit
898 2445 978 2504 intus
993 2459 1087 2522 aquae
1104 2442 1161 2522 [vis
1176 2441 1306 2503 lumidus
1321 2450 1410 2521 atque

262 2544 320 2606 alte
344 2563 388 2624 sp.
414 2540 454 2627 e]
481 2547 591 2616 amnis,
620 2549 718 2607 idest
751 2547 824 2606 iurit
850 2548 929 2607 intus
958 2564 1033 2625 aqua
1056 2553 1085 2606 et
1113 2546 1209 2606 amrris
1237 2543 1409 2607 exuberat)

166 2630 169 2636 ⁵
262 2647 403 2707 Ceterum
439 2648 536 2708 omnis
573 2646 610 2708 de
643 2647 831 2708 duumvirum
867 2648 986 2726 negotio
1020 2648 1162 2708 memoria
1191 2665 1278 2725 quam
1307 2665 1411 2708 manca

261 2757 350 2826 atque
373 2749 510 2826 ambigua
533 2750 580 2819 sit,
607 2747 652 2808 vel
674 2749 733 2810 hoc
756 2749 821 2810 loco
844 2748 955 2810 scholia
977 2757 1078 2810 nostra
1101 2750 1228 2810 docent:
1251 2768 1318 2810 uam
1343 2768 1410 2812 cum

262 2851 383 2912 Servius
405 2853 500 2927 aquai
520 2850 669 2912 diaeresin
692 2851 828 2911 Tuccam
853 2858 882 2911 et
905 2852 1023 2912 Varium
1046 2852 1154 2913 secisse
1177 2859 1319 2921 testetur,
1348 2851 1409 2912 blo·

261 2954 358 3013 retum
381 2971 426 3033 pr.
450 2951 597 3030 glossator
620 2969 721 3028 αιτιοι
742 2957 785 3013 vis
807 2953 1019 3031 ‘adposuisse’
1042 2959 1145 3015 narrat
1166 2953 1304 3015 Tuccam.
1339 2952 1410 3013 illibi

261 3063 357 3118 autem
381 3054 572 3116 verisimilius
594 3054 710 3116 videtur
738 3053 825 3122 illud,
854 3061 887 3115 ut
916 3055 994 3133 quod
1024 3054 1114 3133 paulo
1143 3053 1350 3133 neglegentius
1378 3056 1409 3114 in

260 3155 384 3220 schedis*
399 3164 554 3218 exaratum
578 3174 677 3233 cquae
698 3158 797 3235 primo
813 3164 935 3234 aspectu
957 3158 1050 3216 risum
1075 3157 1179 3226 luerat,
1203 3158 1317 3218 rectius
1344 3165 1409 3217 tum

262 3263 358 3336 aquai
377 3258 485 3338 legisse
513 3264 690 3319 statuantur.

345 3361 473 3423 Omnino
502 3359 656 3438 ambigua,
692 3379 747 3420 nec
782 3362 853 3423 satis
881 3359 967 3420 claris
1002 3359 1108 3420 litteris
1143 3377 1282 3439 expressa
1315 3362 1409 3422 inter-

261 3463 403 3542 pretanda
447 3469 478 3522 et
513 3462 720 3524 constituenda
764 3480 830 3522 crum
876 3469 991 3532 essent,
1035 3463 1134 3522 minus
1175 3480 1247 3524 sane
1283 3463 1410 3526 feliciter

261 3565 445 3646 expedivisse
478 3563 551 3624 mibi
583 3563 720 3626 videntur
752 3564 805 3626 llll
837 3561 917 3634 436,
955 3564 1007 3625 uhi
1041 3566 1195 3626 ‘dederis'
1229 3566 1406 3645 scripturam

259 3667 431 3747 probavisse
469 3666 608 3727 dicuntur
646 3684 703 3727 nec
736 3669 829 3746 magis
863 3684 951 3744 qnam
985 3665 1034 3727 alii
1067 3669 1097 3727 in
1135 3667 1269 3729 ‘more’
1309 3669 1407 3728 sorori

260 3768 374 3830 scilicet
396 3769 542 3848 promissa
564 3768 701 3830 videntur
723 3769 892 3831 offendisse.
937 3769 1045 3829 Verum
1069 3787 1135 3830 esse
1159 3769 1236 3849 quod
1258 3771 1288 3830 in
1306 3769 1408 3847 Ml'yt

261 3869 367 3947 legitur
396 3871 548 3932 ‘dederit’
579 3870 623 3932 vel
653 3889 677 3930 v.
705 3867 769 3932 429
798 3879 987 3951 comparatus
1016 3870 1104 3932 docet
1135 3872 1319 3931 ‘extremum
1350 3870 1407 3932 hoc

259 3957 386 4034 miserae
423 3971 474 4034 det
510 3991 617 4034 munus
654 3975 797 4042 amanti',
836 3973 886 4052 qui
924 3973 970 4034 lais
1008 3977 1190 4033 ‘extremam
1236 3973 1313 4033 banc
1351 3991 1406 4033 oro

260 4075 392 4135 reniam’
429 4070 510 4153 (436)
540 4077 701 4154 repetitur,
738 4095 805 4138 cum
839 4075 917 4154 quod
942 4077 1049 4156 exequi
1072 4073 1190 4136 iubetur
1215 4077 1298 4135 Anna
1321 4092 1405 4135 man·

261 4175 362 4238 datum
392 4195 454 4238 nou
482 4180 613 4256 potuerit
649 4179 769 4238 ‘venia’
797 4179 919 4257 proprie
947 4177 1019 4246 dici,
1054 4195 1110 4237 nec
1137 4177 1248 4246 sorori,
1280 4193 1405 4254 quaeum

260 4298 317 4341 una
342 4287 420 4341 totos
441 4281 505 4341 lere
529 4279 592 4340 dics
617 4289 694 4350 erat,
723 4281 851 4364 remitti,
882 4279 934 4340 sed
958 4279 1042 4341 reddi
1067 4278 1111 4339 rel
1133 4277 1258 4357 rependi
1279 4279 1406 4356 gratiam

258 4399 312 4466 par
333 4383 434 4445 luerit.
462 4383 558 4444 blortc
573 4389 672 4442 autem
695 4380 873 4443 cumulatam
890 4401 922 4444 se
938 4383 1131 4443 remissuram
1155 4397 1222 4441 esse
1245 4382 1270 4440 si
1292 4383 1404 4460 prorni-
