2962 4904
541 391 783 432 ruousuounun.
1192 370 1230 436 ‘li

84 557 188 624 cabula
213 557 248 618 ad
272 575 393 618 sensum
416 565 522 636 poetes
546 557 724 620 eliciendum
740 559 943 628 definientem,
967 559 1053 622 incile
1070 559 1142 622 milri
1165 580 1232 642 per*

83 663 214 731 suadeo,
250 680 265 721 a
294 658 433 720 Cornelio
461 659 547 722 Celso
577 659 626 722 illo
658 663 904 724 commentarium
934 661 1040 724 sallem
1070 666 1232 742 georgicon

83 768 228 846 seriptum
252 765 353 824 luisse.
399 761 461 824 Nee
483 779 589 824 vereor
611 781 649 824 ne
672 766 739 845 quis
768 763 854 826 hodie
877 765 1030 827 bianconii
1057 774 1233 844 argumento

84 869 245 952 quidquam
269 863 391 933 tribuat,
421 865 586 927 doctiorem
609 866 703 929 videri
726 867 874 928 medicum
898 869 989 930 luisse
1012 885 1100 947 quam
1123 870 1174 948 qui
1196 869 1233 930 ad

85 967 311 1032 commentanda
335 969 466 1029 carmina
489 968 700 1032 descendisset.
746 969 819 1030 Nam
836 979 868 1032 ul
884 969 1039 1040 concedes,
1065 969 1101 1031 de
1118 969 1229 1040 ciliciis,

85 1074 121 1135 de
144 1072 284 1152 capistris
307 1088 451 1151 equorum
475 1073 531 1152 (ge.
555 1071 595 1133 ΙΙΙ
619 1069 701 1147 188),
725 1072 762 1133 de
785 1071 949 1133 retinendis
971 1091 1026 1153 per
1050 1070 1179 1136 hiemem
1202 1075 1232 1135 in

85 1172 201 1238 stabulo
230 1172 336 1234 oribus
364 1173 413 1253 (ΙΙΙ
434 1171 522 1253 206),
552 1173 588 1234 de
616 1174 703 1236 melle
732 1193 767 1237 ex
798 1191 867 1236 rore
894 1175 1037 1236 matutino
1065 1176 1142 1237 laeto
1166 1193 1232 1238 eum

85 1279 155 1339 sotis
184 1275 340 1338 commode
369 1278 400 1337 in
428 1279 472 1338 rei
505 1279 634 1338 rusticae
662 1276 747 1339 libris
776 1279 908 1358 potuisse
934 1279 974 1339 ita
1004 1277 1167 1349 disserere,
1202 1287 1234 1340 ut

87 1377 304 1442 versiculorum
334 1378 570 1459 Vergilianorum
600 1399 659 1441 uon
688 1381 869 1441 mentionem
899 1387 1029 1451 tautum,
1060 1381 1112 1442 sed
1142 1381 1233 1462 expli·

87 1485 233 1546 rationem
255 1483 442 1552 inmisceret,
475 1490 507 1544 ut
529 1483 602 1545 adeo
633 1481 741 1562 largiar
763 1483 793 1544 in
821 1481 932 1544 eisdem
959 1486 1062 1560 quaeri
1087 1486 1232 1565 potuisse,

89 1595 189 1648 utrum
211 1587 324 1648 rectius
346 1587 479 1664 germine
502 1603 540 1646 au
562 1587 696 1664 gramina
719 1603 789 1647 vere
819 1604 893 1646 noro
923 1605 1059 1648 erescere
1089 1587 1234 1657 dicantur,

87 1699 183 1751 umen
207 1687 245 1748 de
268 1685 377 1768 pallido
400 1687 500 1749 lloreo
522 1697 573 1749 aut
595 1687 631 1748 do
655 1687 808 1750 ‘obicibus
831 1690 962 1768 ruptis’,
992 1691 1043 1770 qui
1066 1691 1095 1750 in
1119 1689 1235 1769 digres-

88 1793 169 1852 sione
193 1809 209 1851 a
233 1790 345 1851 rustica
368 1781 523 1870 disciplina
547 1791 634 1872 longe
657 1771 752 1852 aliena
778 1790 813 1870 (ΙΙ
835 1787 909 1868 480)
940 1799 1157 1862 memorantur,
1189 1793 1233 1852 vix

88 1892 242 1974 probabile
273 1899 318 1954 est
345 1911 405 1953 non
432 1894 462 1953 in
491 1895 705 1956 commentario
739 1895 839 1974 aliquo
873 1897 1032 1974 georgicon
1069 1896 1234 1975 expositum

88 1999 189 2060 luisse.

173 2151 310 2228 lienique
338 2149 550 2223 Quintilianum
580 2150 644 2212 Vlll
672 2151 702 2221 3,
731 2149 788 2222 47,
817 2137 868 2230 dui
896 2171 955 2213 non
984 2149 1091 2232 probet
1119 2151 1235 2214 Celsum

93 2247 308 2334 κακὲμφατον
330 2253 409 2332 apud
433 2251 596 2332 Vergilium
619 2255 768 2333 putavisse
791 2256 821 2315 iu
844 2254 905 2316 his:
920 2237 923 2244 ⁴
940 2255 1102 2334 ‘incipiunt
1128 2255 1235 2333 agitata

90 2360 272 2418 tumescere'
296 2355 353 2436 (ge.
376 2356 389 2416 l
411 2351 495 2432 357),
519 2374 698 2435 quamquem
720 2355 905 2436 probabilius
928 2364 975 2418 est
990 2355 1155 2418 rhetoricos
1171 2358 1235 2418 eius

90 2460 179 2522 libros
207 2458 389 2538 respicere,
414 2477 489 2538 quos
517 2466 547 2520 et
573 2459 603 2519 in
632 2461 803 2520 uuiversum
826 2459 866 2520 ΙΙΙ
892 2457 918 2529 1,
942 2457 980 2520 21
1012 2459 1155 2528 laudavit,
1184 2459 1235 2520 ubi

91 2570 226 2624 suctores
255 2561 328 2622 artis
356 2567 415 2621 tarn
445 2560 575 2623 Graecos
605 2579 693 2640 quam
721 2561 870 2652 Romanos
904 2572 1060 2624 enumerat
1087 2570 1117 2624 et
1146 2561 1235 2642 paulo

91 2672 155 2725 ante
185 2665 217 2724 in
248 2661 353 2724 eodem
384 2665 481 2743 capite
503 2661 618 2732 vr113,
642 2659 683 2724 35
711 2665 858 2742 respexit,
887 2671 987 2726 tanton
1016 2682 1051 2724 ex
1084 2664 1141 2724 lruc
1170 2666 1235 2744 ipso

91 2765 226 2846 exeurplu
249 2766 320 2826 satis
343 2772 481 2846 apparet,
512 2783 600 2844 quam
624 2773 687 2826 arto
711 2765 839 2827 rhetoris
863 2773 892 2826 et
913 2767 1098 2844 grammatici
1122 2765 1168 2826 rol
1190 2768 1233 2828 ΙΙΙ·

92 2871 232 2955 terprctis
261 2868 391 2928 officium
420 2868 610 2928 coniunctum
638 2869 748 2938 luerit,
773 2875 806 2928 ut
834 2867 919 2929 laeile
948 2869 1081 2938 credam,
1118 2867 1234 2931 Celsum

91 2981 235 3039 nostrum,
259 2971 284 3031 si
307 2969 426 3047 quidem
450 2975 666 3030 commentatus
690 2977 735 3030 est
748 2971 896 3048 georgica,
921 2972 1007 3032 etism
1030 2972 1060 3032 in
1083 2989 1235 3032 commen·

92 3076 163 3136 urio
193 3066 411 3151 κακέμφατον
440 3070 513 3131 illud
542 3073 696 3132 uomuisse.
753 3072 832 3133 luter
866 3071 1004 3158 rhetores
1032 3071 1153 3134 Latinos
1186 3090 1235 3150 qur

91 3185 190 3237 extant
213 3174 251 3235 de
274 3173 330 3236 hoc
353 3174 423 3234 vitio
438 3182 657 3253 praeceperunt
679 3172 772 3235 lulius
787 3176 886 3235 Victor
909 3193 934 3234 c.
958 3171 1001 3234 20
1023 3194 1051 3254 p.
1074 3171 1147 3244 433,
1165 3171 1182 3235 i
1200 3174 1224 3234 ll

90 3279 252 3340 llarlianus
275 3275 392 3357 Capella
415 3295 441 3337 c.
465 3272 507 3336 34
528 3295 557 3356 p.
581 3271 653 3344 475,
677 3273 719 3338 24
741 3275 775 3337 ΙΙ.
828 3276 959 3338 lsidorus
982 3276 1018 3337 de
1040 3275 1116 3337 rhet.
1146 3295 1171 3336 c.
1195 3273 1237 3338 20

91 3400 118 3462 p.
141 3378 216 3450 517,
240 3376 260 3440 9
283 3379 317 3440 Η.

173 3534 227 3595 llis
251 3551 320 3594 uero
344 3532 458 3593 aceedit
482 3532 560 3610 quod
583 3535 613 3594 in
637 3532 750 3594 scholio
774 3551 809 3592 ex
833 3533 934 3594 codiee
957 3533 1175 3604 Lemorieensl,
1206 3536 1235 3594 ni

89 3637 191 3705 lallor,
228 3653 316 3712 quem
347 3636 520 3697 Vossianum
550 3653 617 3697 esse
645 3635 731 3697 Thilo
760 3655 836 3697 nnus.
861 3635 954 3696 Rhen.
980 3635 1044 3696 lllV
1073 3635 1185 3706 docuit,
1220 3653 1234 3695 a

90 3739 177 3801 l‘elro
208 3735 329 3798 Daniele
358 3736 506 3799 Servianis
534 3737 569 3797 ad
599 3755 644 3816 ge.
670 3738 682 3799 l
706 3737 745 3798 12
773 3738 871 3822 addito
900 3737 973 3798 haec
1000 3737 1156 3816 leguntur:
1188 3739 1235 3797 ‘in

90 3840 208 3904 Cornel.
232 3857 348 3916 equum,
373 3841 404 3900 in
427 3838 595 3916 ntptlreutico
619 3857 737 3916 operum,
762 3843 855 3920 ipsius
877 3859 966 3902 manu
988 3845 1123 3916 eperum)
1159 3829 1255 3912 Ouid

90 3946 112 4005 si
142 3940 272 4010 Cornelii
304 3941 380 4002 Celsi
409 3944 502 4004 nostri
532 3941 683 4022 exemplar
711 3941 932 4022 intellegamus
962 3944 1013 4022 qui
1041 3942 1089 4003 hic
1117 3959 1236 4021 quoque

91 4045 169 4124 quod
200 4044 363 4122 reliquerat
393 4053 480 4126 poeta
508 4047 537 4106 in
566 4054 679 4107 textum
709 4064 795 4106 suum
824 4047 990 4125 receperit?
1021 4053 1177 4126 praeterea
1205 4047 1234 4104 in

90 4146 210 4210 scholiis
234 4147 436 4209 Beruensibus
459 4148 546 4208 editis
569 4167 585 4208 a
609 4148 639 4209 C.
664 4149 710 4208 W.
733 4147 886 4216 lluellero,
912 4165 987 4227 qrrae
1010 4150 1142 4227 poenitet
1164 4146 1236 4208 mihi

91 4269 157 4312 cum
180 4251 318 4327 georgica
343 4249 420 4310 edidi
448 4248 483 4310 ad
513 4269 619 4311 uranus
642 4269 699 4312 nou
729 4252 837 4319 luisse,
867 4259 1033 4311 memoratu
1062 4250 1234 4329 dignissima

91 4349 163 4411 hoec
187 4359 302 4411 estant:
327 4350 363 4411 ad
386 4369 432 4429 ge.
456 4351 491 4413 lV
514 4349 562 4413 82
578 4353 624 4412 ‘iu
649 4352 810 4413 Corniliuui
832 4354 998 4429 puleseeut’
1024 4351 1066 4432 (ut
1087 4353 1133 4432 P),
1157 4353 1235 4414 ‘non

91 4455 261 4534 pulescpnl’
285 4451 327 4530 (ut
348 4451 408 4530 M);
433 4453 468 4515 ad
494 4451 554 4516 120
576 4456 694 4536 ‘intyba
719 4454 842 4518 inebrii'
867 4454 914 4536 (do
937 4473 996 4536 quo
1019 4453 1078 4516 alio
1101 4453 1166 4514 locu
1189 4453 1232 4516 di-
