2962 4904
226 327 248 371 X
704 331 891 374 PRAEFATIO.

225 495 340 556 raunio
362 493 606 558 multitudinem
629 515 781 556 versuum
804 493 1020 578 conflagravit
1035 494 1284 580 Aristophanes,
1307 517 1373 558 non

225 593 446 675 Aristarchus,
469 617 530 658 nco
551 597 586 657 in
608 602 787 659 ceterorum
810 596 978 679 signorum
1000 619 1062 659 usu
1078 596 1253 660 discrimen
1269 596 1371 660 Grae-

225 717 337 760 corum
358 704 523 759 auctorum
549 695 679 760 videtur
701 695 819 776 fuisse,
849 708 886 762 ut
913 697 1079 760 notionem
1102 695 1294 784 simpliciter
1316 697 1370 761 de-

226 797 369 861 scribere
402 797 483 861 satis
517 805 614 860 esset.
664 795 748 860 Nam
781 807 904 862 certam
939 797 1142 884 eandemque
1174 798 1209 862 in
1242 799 1372 862 Latinis

226 897 468 983 exemplaribus
498 907 648 962 notarum
670 896 738 961 XX
767 898 1040 982 significationem
1068 921 1139 962 esse
1166 897 1219 964 vel
1247 900 1294 963 eis
1318 921 1374 985 ap-

225 1008 335 1085 paret,
358 1021 441 1084 qnae
464 998 506 1062 ad
529 998 710 1063 chresimon
732 999 897 1084 adscripta
917 999 1086 1084 leguntur:
1117 999 1216 1065 ‘haec
1238 998 1309 1065 sola
1331 1022 1373 1064 cx

226 1099 395 1165 voluntate
428 1100 684 1184 uniuscuiusque
717 1099 759 1163 ad
795 1099 919 1186 aliquid
954 1099 1178 1166 adnotandum
1211 1101 1371 1186 ponitur'.

226 1205 277 1266 Ac
292 1223 332 1266 ne
348 1199 429 1264 illud
446 1200 578 1285 quidem
593 1199 875 1286 praetereundum,
891 1211 1020 1286 praeter
1035 1201 1213 1286 simplicem
1230 1201 1373 1281 ductum,

227 1305 281 1389 qui
310 1310 444 1388 propter
475 1301 600 1385 figurae
628 1300 791 1387 quandam
827 1299 1072 1366 similitudinem
1108 1301 1216 1386 diplas
1243 1301 1375 1366 videtur

226 1402 399 1467 adiunctus
423 1424 503 1477 esse,
526 1402 684 1487 inpriore
701 1410 860 1466 tractatus
877 1412 970 1486 parte
985 1400 1214 1466 Aristarcheas
1230 1405 1374 1466 maxime

225 1514 320 1568 notas
344 1504 542 1588 compositas
572 1502 638 1586 legi
666 1502 782 1588 hisque
811 1500 888 1566 solis
918 1503 1081 1588 quomodo
1109 1512 1242 1567 utantur
1263 1503 1376 1568 Latini

225 1603 429 1688 grammatici
452 1605 616 1688 expressis
640 1602 750 1667 verbis
774 1602 935 1683 adnotari,
958 1602 1157 1689 reliquarum
1174 1613 1300 1688 partem
1325 1604 1375 1687 (ut

226 1706 397 1785 coronide,
428 1703 536 1790 diplen
565 1703 805 1784 obclismenen,
841 1725 980 1788 superne
1008 1704 1187 1785 obolatam,
1223 1727 1375 1769 aversam

227 1805 449 1872 obclismenen
468 1816 559 1886 —<,
573 1805 764 1886 chresimon,
781 1803 970 1890 phrontida)
995 1827 1198 1870 communem
1214 1805 1375 1885 omnibus,

227 1917 352 1993 partem
368 1907 421 1970 vel
437 1906 478 1972 ab
494 1905 567 1970 aliis
590 1929 688 1992 quam
704 1907 746 1970 ab
761 1904 954 1969 Aristarcho
969 1907 1192 1989 grammaticis
1208 1907 1374 1971 Romanos

226 2017 389 2072 mutuatos
419 2029 491 2071 csse
519 2005 572 2071 vel
598 2007 687 2093 ipsos
715 2007 881 2071 invenisse
904 2005 1021 2070 videri.
1065 2007 1117 2070 De
1140 2008 1257 2093 quibus
1286 2007 1374 2092 quod

227 2108 360 2173 brevius
394 2130 491 2195 quam
527 2108 567 2172 de
600 2109 717 2172 ceteris
756 2108 947 2192 exponitur,
990 2107 1131 2172 fortasse
1170 2109 1373 2194 excerptoris

226 2208 452 2294 neglegentiae
480 2208 699 2274 tribuendum.
801 2207 1004 2274 Vilissimum
1033 2209 1143 2273 autem
1172 2207 1250 2272 illud
1278 2231 1373 2293 argu·

227 2318 383 2393 mentum,
406 2312 493 2395 quod
509 2333 551 2375 ex
567 2309 735 2374 Ciceronis
759 2308 802 2372 ad
824 2309 901 2372 fam.
927 2309 1067 2395 epistula
1082 2309 1134 2373 IX
1152 2310 1234 2390 10,1
1258 2309 1375 2374 elicere

228 2411 370 2474 animum
391 2409 525 2475 induxit
539 2411 679 2491 Riesius,
702 2410 760 2475 ubi
782 2411 868 2496 quod
891 2409 953 2474 ioci
977 2432 1078 2473 causa
1091 2411 1286 2492 Aristarchi,
1310 2433 1374 2476 non

227 2511 316 2576 Aelii
331 2510 476 2592 Stilonis,
500 2511 611 2577 obelos
635 2512 756 2578 inferat
778 2521 811 2576 et
827 2511 955 2576 Graeco
978 2511 1152 2591 vocabulo,
1175 2534 1240 2576 non
1254 2512 1374 2576 Latino

228 2613 366 2697 sagittas
393 2622 472 2698 puto
496 2611 653 2699 appellet,
682 2633 809 2676 omnem
838 2613 934 2676 huius
964 2613 1051 2697 signi
1077 2635 1173 2677 usum
1202 2612 1373 2677 aLatinis

228 2712 394 2778 codicibus
430 2713 571 2778 alienum
599 2713 701 2777 fuisse
734 2713 869 2778 iudicat.
921 2713 1023 2794 Quasi
1051 2735 1129 2778 vero
1160 2715 1194 2777 in
1223 2711 1373 2798 epistulis

228 2815 343 2880 Cicero
360 2814 521 2880 Graecam
545 2815 760 2880 eruditionem
783 2837 849 2879 non
871 2823 1018 2900 captaret
1041 2823 1097 2878 aut
1118 2814 1265 2898 ignotum
1288 2822 1376 2877 esset

228 2939 326 3002 quam
353 2917 439 2982 inter
472 2917 623 3003 antiquos
651 2914 836 2981 Aristarchi
869 2914 1077 3000 potissimum
1110 2913 1196 2980 obeli
1229 2914 1373 2980 celebres

227 3019 367 3084 suerint!
408 3073 413 3080 .
870 3097 872 3100 Ι

312 3119 401 3204 Ergo
435 3119 610 3203 indagavit
642 3129 675 3184 et
707 3117 845 3184 confixit
873 3118 1001 3182 Probus
1038 3117 1167 3202 spurios
1196 3138 1311 3181 versus
1341 3117 1374 3179 in

228 3221 374 3285 Lucretii
390 3220 519 3285 Horatii
534 3220 672 3305 Vergilii
693 3219 799 3300 libris,
821 3241 882 3283 nec
904 3217 1087 3282 mirandum
1111 3217 1197 3303 quod
1218 3239 1283 3281 non
1305 3216 1376 3281 sola

229 3321 507 3408 autographorum
529 3321 724 3387 auctoritate
746 3318 851 3384 fretus
875 3318 986 3401 eiecit,
1010 3318 1068 3405 sed
1091 3317 1134 3382 ad
1156 3318 1375 3382 coniecturam

228 3423 423 3509 aliquotiens
445 3421 621 3506 confugere
645 3421 796 3486 debebat.
841 3420 954 3507 Neque
978 3421 1063 3484 enim
1084 3417 1215 3504 singula
1229 3421 1374 3504 ipsorum

228 3533 398 3610 poetarum
421 3545 520 3588 manu
543 3524 596 3588 vel
618 3522 805 3607 conscripta
827 3521 881 3586 vel
903 3520 1077 3586 emendata
1098 3518 1298 3606 exemplaria
1313 3521 1373 3584 cir-

229 3626 504 3704 cumferebantur,
528 3623 586 3688 sed
607 3646 680 3688 oum
701 3623 767 3709 ipsi
789 3622 967 3688 amicorum
991 3643 1091 3686 causa
1106 3622 1202 3707 plura
1216 3622 1374 3686 correxis-

229 3739 317 3806 sent,
346 3735 379 3790 et
400 3725 588 3790 venditores
617 3736 650 3790 et
671 3733 834 3811 emptores
861 3723 1019 3788 librorum
1048 3732 1301 3789 consentaneum
1325 3730 1375 3786 est

229 3849 360 3891 suorum
381 3825 480 3889 fidem
502 3835 534 3889 et
556 3827 697 3911 pretium
718 3827 765 3890 ita
786 3823 941 3890 extollere
964 3825 1141 3903 studuisse,
1162 3832 1199 3888 ut
1214 3844 1255 3887 ex
1271 3821 1373 3908 ipsius

229 3928 370 3992 auctoris
391 3925 486 3989 domo
509 3937 541 3992 et
564 3925 690 3991 familia
712 3936 744 3991 et
766 3926 884 3992 scrinio
907 3925 1069 4012 prodiisse
1092 3932 1274 3988 narrarent.

313 4028 489 4092 Praeterea
511 4051 542 4113 p.
558 4028 622 4091 472
644 4027 772 4092 Riesi'us
794 4029 900 4091 minus
916 4036 1004 4092 recte
1019 4048 1170 4091 aversam
1190 4046 1263 4089 cum
1278 4023 1372 4089 obelo

229 4129 370 4215 positam
404 4151 475 4194 esse
508 4131 638 4209 statuit,
672 4129 731 4193 ubi
762 4129 914 4194 ‘tectius'
949 4127 991 4192 ad
1025 4125 1147 4212 aliquid
1180 4125 1375 4210 respiciatur

231 4230 467 4315 (‘verborgene
482 4230 755 4316 Beziehungen'),
780 4231 873 4295 cuius
895 4250 990 4292 usum
1015 4226 1112 4291 latius
1134 4235 1247 4310 patere
1263 4248 1295 4310 p.
1314 4227 1376 4291 150

229 4331 389 4414 iudicavi3
412 4333 499 4396 etin
521 4330 635 4395 eadem
655 4331 777 4416 pagina
793 4333 873 4394 Aen.
891 4327 1039 4394 1111418
1062 4324 1204 4412 simplici
1227 4323 1316 4410 dipla
1337 4339 1374 4392 ut
