3038 4912
245 314 306 380 126
695 340 939 384 caucason-suu.

237 508 404 585 composuit
430 509 561 570 1111111111
589 501 707 571 curiose
736 517 885 570 scrutatus
913 505 1131 570 laudatissimus
1159 506 1227 569 illos
1259 512 1384 586 propter

236 608 432 669 verecundam
460 609 648 690 periphrasin
676 629 782 674 versus
803 615 875 672 lien.
900 607 1047 672 v111405
1069 627 1113 688 sq.
1144 609 1181 670 de
1203 607 1326 669 Volcani
1355 615 1385 667 et

236 710 360 772 Veneris
391 711 562 786 concubitu,
594 731 662 775 cum
696 715 869 775 universum
902 713 1014 791 figurae
1044 730 1140 792 genus
1167 715 1232 792 ipse
1263 726 1383 790 quoque

236 812 392 891 probaret,
428 813 516 893 paulo
544 821 643 876 tamen
669 817 817 877 incautius
844 817 978 876 membra
1008 816 1159 876 nominata
1193 815 1291 892 arguit
1334 811 1382 889 (cl.

236 913 358 976 Servius
380 915 416 976 ad
440 915 459 977 l.
484 916 503 976 l.
524 915 639 978 Gellius
663 917 701 978 tx
725 915 784 998 10).
830 917 903 978 Cum
926 923 1024 977 autem
1040 916 1194 979 Charisius
1213 935 1243 996 p.
1266 911 1331 976 245
1354 921 1384 974 et

236 1015 396 1078 lliomedes
417 1014 481 1080 456
503 1018 535 1079 Ρ.
560 1019 664 1080 eodem
689 1020 841 1097 circuitus,
866 1036 925 1097 quo
948 1017 1089 1080 decenter
1112 1015 1383 1082 viteturubsceui-

235 1127 290 1202 tas,
316 1118 451 1199 exemplo
473 1126 606 1191 utantur,
630 1122 757 1184 tortasse
779 1123 836 1201 ipsi
858 1120 904 1182 vel
928 1139 1031 1182 eorum
1054 1128 1158 1182 auctor
1181 1118 1287 1197 aliquis
1310 1116 1382 1179 Cor·

237 1222 302 1282 nuti
324 1221 362 1282 de
385 1223 489 1301 liguris
512 1225 728 1286 sententiarum
751 1222 844 1285 libros
872 1231 1102 1303 excerpserunt,
1131 1229 1165 1284 ut
1194 1222 1310 1302 possint
1337 1221 1382 1279 in-

236 1322 334 1384 didem
363 1323 486 1386 haustae
515 1343 581 1386 esse
608 1325 667 1387 duo
695 1325 770 1388 aliae
797 1325 1084 1406 periphrasesben.
1109 1320 1250 1386 1111584
1277 1327 1307 1384 et
1337 1339 1384 1404 gc.

236 1422 362 1495 111135,
387 1445 515 1506 quorum
537 1426 618 1488 illam
640 1435 776 1506 uterque,
801 1428 878 1488 hanc
893 1427 1051 1489 Diomedes
1073 1426 1154 1488 solus
1178 1425 1307 1487 laudavit
1329 1440 1385 1482 nec

173 1535 174 1538 ’
237 1529 394 1606 praeteriit
415 1527 451 1589 ad
474 1546 520 1607 ge.
543 1527 562 1588 l.
586 1529 607 1589 l.
631 1529 761 1592 Servius.
812 1531 908 1607 Atque
936 1531 1079 1608 liguratae
1103 1529 1261 1590 locutionis
1283 1543 1383 1586 exem·

175 1619 177 1625 ⁴
238 1627 319 1708 plum
342 1633 501 1693 metandi
520 1647 640 1710 quoque
663 1631 788 1693 verbum
810 1632 959 1694 rettulisse
982 1631 1113 1694 videtur:
1150 1631 1187 1691 de
1218 1645 1278 1707 quo
1309 1645 1389 1707 quae

238 1731 274 1792 ad
303 1735 375 1793 Aen.
411 1731 462 1793 llll
489 1729 530 1794 57
563 1733 713 1794 adnotavit
739 1733 860 1796 Servius
894 1737 1041 1795 ‘mactant
1073 1733 1197 1824 verbum
1231 1747 1385 1791 sacrorum

238 1819 326 1894 κατ’
352 1821 615 1915 εὐφημισμὸν
637 1837 759 1906 dictum,
783 1837 871 1916 quasi
889 1837 983 1914 magis
1006 1843 1135 1910 auctum,
1159 1833 1237 1896 unde
1260 1840 1290 1893 et
1304 1847 1385 1909 mag·
1423 1905 1427 1916 ,
1488 1833 1493 1848 ’

238 1946 372 1997 mentam
395 1935 533 1998 dicebant
555 1939 640 2016 quasi
662 1939 756 1998 maius
778 1941 989 2026 augmentum’
1013 1938 1134 2000 lahnius
1149 1935 1282 2017 prolegg.
1301 1935 1384 1996 Pers.

239 2057 267 2117 p.
292 2037 356 2098 xlx
381 2038 506 2100 contulit
527 2058 595 2100 cum
610 2039 732 2109 Placidi,
755 2039 876 2101 loannis
900 2059 917 2100 a
939 2039 1040 2110 lanua,
1064 2040 1172 2119 Papiae
1194 2038 1298 2107 titulis,
1322 2038 1387 2116 qui·

238 2138 294 2200 bus
316 2150 516 2217 mopmentum
540 2143 689 2204 Cornutus
712 2159 728 2202 a
751 2142 906 2204 mactando
935 2115 1098 2212 derilasse,
1128 2149 1260 2202 mactare
1288 2147 1386 2218 antem

238 2241 405 2304 distrahere
428 2244 639 2324 interpretatus
662 2262 726 2305 esse
748 2243 934 2323 perhibetur.

320 2344 390 2408 'Alia
421 2346 499 2424 apud
522 2347 657 2408 Servium
692 2345 729 2407 de
761 2345 983 2426 quaestionibus
1011 2346 1182 2409 aCornuto
1215 2343 1319 2406 solutis
1352 2361 1387 2403 ex

238 2449 464 2509 commentariis
486 2431 635 2524 Aeneidos
662 2457 788 2529 sumpta.
839 2452 911 2511 Aen.
940 2445 1038 2509 1488
1067 2437 1247 2527 permixtum
1276 2447 1387 2525 princi-

238 2548 327 2628 pibus
349 2549 466 2612 Achivis
488 2551 606 2612 Aenean
631 2550 736 2614 eodem
760 2551 885 2612 artifieio
908 2551 1025 2620 statuit,
1055 2568 1114 2629 quo
1142 2568 1229 2610 usam
1258 2567 1290 2610 sc
1321 2565 1388 2608 esse

238 2649 547 2714 1111113961111111
574 2652 671 2714 verbis
702 2651 850 2714 ‘vadimus
879 2653 1005 2713 immixti
1027 2653 1162 2714 [lanais'.
1213 2653 1251 2712 bt
1279 2651 1389 2711 docent

243 2771 315 2814 ocae
337 2755 416 2814 acies
439 2766 469 2815 et
483 2755 649 2818 Memnonis
664 2773 756 2825 arma,
781 2773 857 2833 quae
872 2757 971 2816 statim
986 2763 1138 2826 secuntur,
1162 2752 1302 2816 fefellisse
1318 2753 1389 2814 Cor·

239 2862 344 2916 nutum
372 2857 553 2934 opinionem.
604 2855 785 2919 Prudentius
807 2861 879 2920 Aera.
903 2856 942 2918 lX
964 2854 1028 2919 675
1049 2859 1059 2888 ‘
1066 2865 1183 2937 portam
1206 2873 1282 2935 quae
1304 2854 1388 2913 ducis

240 2956 367 3036 imperio
390 2961 567 3021 commissu’
592 2959 739 3020 intellexit
760 2962 884 3024 ‘clema
905 2961 990 3021 eroi'
1014 2959 1128 3020 collatis
1150 2977 1194 3020 11.
1210 2955 1252 3018 43
1275 2963 1305 3016 11
1329 2951 1389 3015 173

246 3059 379 3140 (Servius
406 3061 441 3121 ad
465 3064 536 3138 len.
567 3055 607 3122 lii
633 3058 697 3124 675
724 3069 754 3123 11
774 3061 813 3123 lll
833 3057 918 3140 428).
971 3061 1012 3123 De
1042 3079 1129 3122 versu
1156 3061 1228 3120 Aen.
1253 3056 1303 3118 llll
1328 3049 1388 3116 178

245 3163 315 3242 quid
339 3162 384 3223 vel
407 3165 535 3225 senserit
556 3163 602 3224 vel
624 3165 812 3245 quaesiverit,
835 3171 960 3243 propter
982 3162 1158 3226 schedarum
1174 3160 1389 3222 veronensium

247 3264 384 3327 lacunam
409 3264 548 3327 traditum
572 3283 632 3327 non
656 3275 709 3337 est,
733 3266 785 3328 sed
806 3273 839 3356 et
853 3267 941 3346 Aspri
961 3283 1036 3344 quae
1056 3271 1170 3326 serrata
1194 3269 1240 3324 est
1261 3260 1389 3341 explica·

245 3368 328 3429 tione
352 3375 382 3429 el
404 3368 500 3429 Servii
522 3368 713 3430 adnotatione
734 3367 889 3448 probabile
912 3369 943 3428 lit
971 3386 1039 3429 eum
1067 3366 1266 3436 dubitavisse,
1291 3371 1390 3426 utrum

245 3471 289 3530 sic
313 3469 557 3548 distinguendum
581 3479 672 3532 esset:
703 3469 800 3532 ‘illam
823 3470 917 3532 Terra
939 3487 1063 3549 parens,
1087 3474 1136 3531 ira
1158 3473 1297 3544 inritato,
1322 3469 1389 3528 deo

242 3589 314 3634 rum
337 3581 505 3633 extremum
528 3619 536 3634 .
561 3618 569 3632 .
594 3619 601 3634 .
625 3574 804 3653 progenuit’
828 3591 865 3633 an
887 3575 956 3634 ‘iro
977 3576 1107 3634 inritato
1129 3574 1267 3647 aeuum,
1292 3561 1390 3630 extre-

246 3676 355 3735 mom'.
400 3673 438 3734 Et
460 3693 526 3736 cum
542 3677 647 3754 Asper,
670 3677 755 3737 euius
778 3673 867 3736 rerba
890 3675 968 3754 apud
985 3674 1173 3738 scholiastam
1189 3675 1391 3735 Veronensem

246 3776 370 3838 Cornuti
392 3777 574 3839 mentionem
603 3787 759 3848 secuntur,
793 3779 982 3840 cuniuuberit
1007 3779 1067 3839 ‘ira
1095 3779 1214 3838 inritata
1237 3775 1391 3842 deorum’,

246 3878 294 3939 hic
317 3880 445 3939 sortasse
469 3879 592 3941 alteram
613 3880 797 3960 praetulerat
817 3882 973 3951 rationem,
996 3899 1055 3959 qua
1077 3878 1219 3940 ‘deorum
1238 3878 1391 3938 ¹extrema'

245 3981 335 4042 Fama
358 3979 484 4052 dieitur,
515 3990 545 4043 et
567 3991 799 4045 consentaneum
824 3991 887 4043 erat
909 3980 1097 4044 ‘Hellenicae
1117 3979 1300 4060 theologiac’
1322 3997 1392 4040 auc·

245 4092 343 4144 turem
367 4081 525 4162 diligenter
547 4085 585 4145 de
606 4084 664 4146 hoc
686 4086 872 4164 potissimum
894 4083 1041 4145 versiculo
1063 4081 1222 4146 disserere.
1267 4084 1301 4143 ln
1321 4082 1391 4144 Ser·

243 4187 332 4246 viano
356 4189 571 4247 commentario
593 4205 665 4249 num
688 4186 759 4266 quid
782 4189 861 4246 inter
875 4186 1017 4248 conllatas
1033 4185 1245 4264 explicationes
1261 4186 1394 4246 diuersas
1480 4251 1494 4276 ἱ

244 4288 371 4349 Cornuti
393 4297 541 4352 servatum
565 4291 605 4350 sit
627 4308 687 4350 non
709 4288 816 4369 liquet,
846 4289 904 4348 nisi
932 4288 1010 4369 quud
1039 4291 1163 4350 stoicum
1191 4285 1391 4366 allegoristam

239 4389 394 4468 probabile
418 4401 463 4453 est
484 4393 564 4453 inter
586 4411 637 4453 eus
660 4390 782 4470 Vergilii
805 4393 987 4471 interpretes
1010 4392 1114 4460 luisse,
1145 4392 1196 4471 qui
1219 4409 1255 4452 ex
1278 4390 1391 4451 altioris
