2962 4904
526 369 770 414 rnonnooucun.
1184 349 1223 414 13

76 539 227 617 georgicis
249 539 368 616 quidem
392 547 442 600 aut
463 539 594 602 Aeneide
617 542 733 610 vitetur,
758 541 839 603 casui
863 538 971 610 tribuo,
1000 541 1085 602 cuius
1106 541 1164 602 rim
1187 559 1223 602 no
1280 563 1281 566 ¹

75 641 142 720 ipse
172 641 292 721 quidem
314 640 484 721 Sciraperus
512 631 679 704 detrectare
702 641 791 704 audet
821 642 859 722 lp.
885 638 975 721 tatu
1006 641 1062 703 alia
1092 644 1222 722 exquisi-

76 743 153 804 tiora
174 761 214 805 ne
235 743 386 806 fastidium
409 751 567 806 moverent
588 743 634 805 vel
650 743 742 806 semel
759 742 804 806 vel
818 763 907 824 parce
923 745 955 804 in
970 753 1097 825 utroquo
1113 762 1224 823 genere

76 843 213 906 audenda
236 854 336 916 erant.
368 845 430 908 alia
446 855 479 908 ιιι
500 848 646 932 rariorem
675 845 828 908 bucolicae
850 865 927 927 quae
948 845 1056 908 dicitur
1083 865 1224 910 caesurae

75 965 163 1008 usum
187 946 227 1027 (p.
251 943 322 1026 780)
346 947 406 1010 stili
429 946 476 1027 (ol.
500 966 529 1028 p.
554 945 616 1010 ‘188
639 945 674 1010 ιι
691 949 829 1012 Gebauer
850 967 878 1028 p.
908 945 969 1027 76),
992 947 1049 1010 alia
1070 957 1103 1012 ut
1130 950 1223 1032 inter·

78 1049 242 1110 lectionum
265 1051 296 1112 in
319 1050 535 1130 antiquioribus
556 1051 701 1114 maiorem
716 1053 831 1132 copiam
855 1051 892 1131 (p.
912 1047 993 1130 787),
1017 1069 1117 1112 rerum
1142 1051 1224 1113 diil'e·

76 1153 171 1213 rentia
196 1151 339 1232 quadam,
375 1172 451 1233 quae
478 1171 538 1214 non
566 1154 643 1232 lugit
664 1153 758 1215 virum
782 1153 917 1222 doctum,
933 1151 1122 1237 'explicanda
1144 1161 1223 1216 sunt.

77 1253 149 1314 Nam
173 1262 310 1332 quartam
335 1262 364 1316 et
385 1262 500 1317 sextam
530 1263 611 1318 certe
639 1273 741 1318 verum
766 1261 812 1316 est
833 1254 977 1316 recedere
1000 1254 1183 1334 aliquantum
1207 1274 1223 1316 a

77 1353 246 1418 Theocritei
268 1358 389 1434 generis
411 1358 583 1426 imitatione.
617 1357 693 1419 Hinc
709 1359 797 1436 igitur
820 1375 888 1418 cum
911 1375 1013 1420 rorum
1036 1365 1066 1418 ct
1079 1345 1226 1420 sermonis

78 1467 141 1518 tum
164 1460 353 1540 totiusartis
383 1458 576 1530 discrimina,
608 1458 704 1536 qualia
735 1477 800 1520 cum
825 1459 981 1522 Gebauero
1005 1457 1173 1540 Scbrperus
1195 1479 1224 1540 p.

79 1555 138 1622 i89
153 1579 217 1642 sqq.
237 1561 454 1631 animadvertit,
477 1561 651 1643 repetenda,
676 1580 751 1641 quae
772 1563 838 1642 quis
855 1579 995 1640 umquam
1010 1561 1226 1624 demonstrabit

79 1680 135 1723 uon
157 1682 250 1742 posse
274 1665 332 1724 nisi
354 1682 503 1726 annorum
527 1663 638 1742 aliquot
659 1662 814 1726 intervallo
836 1665 935 1743 posito
964 1671 1008 1724 sat
1030 1663 1225 1744 probabiliter

79 1762 236 1844 explicarit
399 1815 403 1822 ι

544 2309 678 2386 Carnu
701 2311 749 2384 II.

345 2471 408 2558 De
438 2475 657 2584 georgicon
688 2475 954 2582 temporibus,
1043 2515 1044 2520 ι

157 2787 224 2852 Νοιι
247 2786 454 2850 bucolicorum
477 2797 592 2852 tantum
622 2791 767 2853 terminos
794 2791 965 2852 dessnivissc
996 2789 1110 2852 videtur
1133 2794 1222 2854 lisco-

77 2892 154 2952 nius:
179 2890 217 2952 ad
241 2889 368 2952 eundem
391 2900 543 2954 auctorem
566 2902 649 2954 recte
672 2895 839 2955 referemus
861 2886 1021 2972 georgicon
1045 2893 1224 2954 etdenoidis

80 3003 224 3074 tempora,
249 3010 324 3072 quae
346 2993 433 3074 apud,
447 2993 594 3057 Donatum
618 3015 647 3076 p.
671 2992 728 3065 60,
756 2992 777 3058 5
798 2995 833 3056 R.
864 3004 894 3057 et
920 2996 952 3057 in
974 2996 1031 3056 vita
1054 3013 1130 3074 quiae
1153 2995 1222 3056 Ser·

80 3097 172 3157 rianis
200 3097 232 3156 in
254 3094 383 3155 Aeneida
412 3098 634 3158 commentariis
661 3099 824 3177 praemissa
852 3105 896 3158 est
921 3116 951 3177 p.
984 3095 1001 3156 1
1024 3096 1056 3158 L.
1087 3095 1222 3175 legimus.

75 3196 109 3258 n
140 3198 191 3258 ille
220 3196 340 3258 brevius
369 3199 521 3260 ‘bucolico
544 3202 691 3276 triennio,
719 3202 866 3275 georgica
901 3201 977 3280 Vin
1009 3200 1147 3260 Aeneida
1174 3201 1228 3260 XI

73 3299 209 3375 perfecit
231 3302 354 3370 onnis’,
384 3299 432 3361 hio
455 3300 544 3381 paulo
567 3301 685 3381 quidem
709 3299 827 3380 plenius
854 3300 939 3362 ‘item
956 3304 1117 3378 proposuit
1140 3302 1223 3362 Moc-

73 3420 166 3463 cenos
186 3404 349 3478 cednico,
380 3421 458 3478 quae
478 3406 602 3480 scripsit
629 3405 857 3480 emenduuitquc
878 3411 991 3479 septem
1019 3405 1141 3478 nnnis’‚
1173 3403 1222 3464 nbi

74 3512 173 3567 tamen
195 3505 398 3581 quadriennio
419 3524 476 3586 pro
500 3514 614 3586 septem
637 3507 723 3567 annis
746 3503 1009 3586 Guelferbytanum
1032 3504 1045 3564 1
1068 3505 1152 3579 bion,
1183 3507 1225 3564 i']

74 3611 121 3669 uei
149 3607 217 3670 VII
235 3609 325 3668 cunis
347 3606 531 3669 liernensem
554 3626 584 3668 n.
607 3603 670 3670 363
694 3607 836 3669 exhibere
863 3625 919 3686 per
941 3606 1055 3668 litteras
1077 3608 1112 3668 G.
1136 3606 1222 3668 Thilo

72 3717 207 3772 testatur.

157 3815 197 3875 m
212 3811 330 3874 Phooas
350 3829 405 3874 nec
428 3820 622 3892 sept-emmae
644 3821 793 3892 quattuor,
818 3811 871 3872 sed
893 3828 996 3873 nouem
1019 3831 1114 3873 annos
1136 3829 1222 3892 geor·

73 3917 147 3994 gicis
170 3912 277 3976 tribuit
298 3931 323 3976 v.
348 3911 402 3976 96:
441 3914 623 3995 ‘posthaec
650 3917 730 3977 ruris
750 3921 909 3998 praecepta
938 3913 1054 3975 colendi
1078 3914 1224 3986 Quattuor

73 4019 214 4098 exposuit
237 4015 322 4078 libris
352 4024 381 4077 ct
409 4017 564 4079 commoda
594 4025 691 4079 terrae
714 4017 840 4078 Edocuit
864 4015 992 4093 pernicis
1019 4035 1099 4078 cuno
1125 4022 1225 4080 mitius

74 4124 175 4182 (uenio
196 4121 329 4180 lustris)
373 4118 411 4180 Et
433 4120 555 4181 totidem
577 4118 764 4181 relincuntur
786 4120 865 4182 inter
887 4137 996 4180 annum
1013 4137 1072 4198 quo
1089 4120 1222 4182 lincolina

77 4222 168 4284 edidit
191 4237 321 4298 cirroque
344 4238 402 4299 quo
424 4222 555 4283 Aeneida
578 4221 739 4299 adgressus
762 4229 808 4282 est
833 4229 936 4301 pocta,
967 4239 1055 4299 quarn
1084 4223 1222 4284 unilociru

74 4325 167 4392 aunis,
192 4330 226 4384 nt
249 4323 278 4382 in
302 4323 358 4382 rita
382 4322 522 4385 Seruiana
545 4325 681 4396 traditur,
705 4324 825 4405 scripsit
847 4323 902 4393 vel,
926 4330 959 4383 ut
980 4324 1095 4386 Plrocas
1118 4345 1142 4386 r.
1163 4323 1219 4387 101

76 4427 122 4496 ait,
139 4426 291 4504 formovi!
312 4427 467 4508 trieteride
488 4436 609 4504 quartu.
663 4427 700 4487 Ut
728 4426 775 4488 bic
806 4444 877 4486 sane
901 4427 1101 4488 ratiocinando
1129 4430 1223 4506 magis
