2962 4904
237 334 279 398 44
686 352 929 396 enonnoornarvn.

235 523 385 585 llelioonis
408 523 580 592 ascendam,
615 520 694 584 unde
722 519 850 601 palmam
876 522 1015 600 poeticae
1036 520 1131 583 laudis
1153 521 1266 601 patriae
1296 538 1383 582 meae

235 627 375 687 releram.
425 625 487 686 llac
510 632 634 687 ornatus
662 633 801 686 aeternae
828 621 941 702 gloriae
968 630 1196 684 monumentum
1224 625 1255 684 in
1283 625 1381 704 patria

235 730 368 808 ponam’
414 725 499 799 Quod
529 726 687 806 indulgens
722 726 844 804 iugenio
880 726 964 805 lingit
1000 724 1143 805 templum
1180 743 1383 788 marmoreum

235 847 310 898 esse,
335 836 367 891 ut
388 847 474 890 suam
496 829 668 909 patriaeque
690 825 809 889 laudem
833 845 869 888 ex
890 827 956 907 ipsa
978 827 1112 889 Caesaris
1135 826 1222 888 laude
1244 828 1382 907 pendere

237 949 366 1012 cumque
404 947 438 992 ea
481 931 669 992 coniunctam
707 947 773 992 esse
809 930 926 1009 poetica
964 946 1035 990 usus
1078 930 1207 1008 imagine
1251 939 1379 993 moneat.

235 1033 308 1095 Nam
330 1030 404 1094 nihil
434 1039 492 1116 est·
513 1031 593 1109 quod
615 1030 755 1092 Aeneidis
776 1047 884 1112 poema
914 1029 1058 1111 templum
1087 1028 1159 1092 illud
1189 1049 1256 1093 esse
1279 1034 1383 1094 statuit

235 1133 394 1205 Tittlerus,
428 1133 590 1196 corradens
617 1131 668 1194 ille
695 1150 733 1194 ex
763 1133 848 1214 epico
878 1133 1009 1194 carmine
1043 1130 1126 1193 locos
1154 1135 1205 1213 qui
1238 1151 1306 1196 oum
1334 1133 1381 1196 his

235 1244 342 1318 poetae
386 1236 540 1317 promissis
576 1235 675 1315 aliquo
710 1234 800 1296 modo
842 1233 1013 1296 viderentur
1055 1235 1223 1297 convenire.
1277 1235 1383 1316 ,ltaque

235 1357 339 1400 versus
361 1334 403 1400 26
426 1354 491 1417 sqq.
531 1345 668 1418 spectare
699 1336 802 1398 docuit
834 1335 871 1398 ad
902 1337 975 1398 Aen.
1009 1334 1073 1397 Vlll
1105 1332 1219 1399 675-
1233 1333 1295 1400 728
1317 1357 1383 1420 sqq.
1426 1417 1428 1422 Ι

235 1439 294 1502 Sed
316 1440 364 1501 laio
396 1441 526 1519 primum
560 1456 711 1518 quaeram,
746 1457 801 1500 our
826 1435 945 1500 tandem
982 1444 1119 1500 octavum
1155 1436 1266 1502 librum
1300 1441 1383 1502 iores

234 1541 343 1603 dixerit
365 1549 447 1603 vates
469 1548 572 1603 noster
594 1559 619 1602 v.
643 1536 695 1602 26.
744 1540 905 1602 Praeterea
932 1539 1020 1601 etiarn
1048 1541 1079 1601 in
1109 1541 1206 1620 clipeo
1228 1540 1281 1603 illo
1304 1541 1382 1606 uiuit

179 1669 180 1674 ¹
236 1644 296 1705 nisi
322 1644 404 1706 Actia
436 1642 514 1706 bella
549 1649 579 1704 et
610 1641 757 1723 triplicem
790 1639 974 1720 triumphum
1008 1641 1142 1704 Caesaris
1172 1644 1286 1723 posuit:
1330 1643 1383 1705 ubi

234 1745 326 1823 igitur
347 1762 478 1824 pugnam
500 1731 701 1823 Gangaridum
725 1751 755 1804 et
775 1742 955 1805 Parthorum
976 1749 1097 1825 tropaea
1119 1741 1236 1806 reddita
1259 1751 1289 1805 et
1310 1745 1381 1818 oni-

232 1847 291 1908 rini
312 1847 433 1908 nomine
456 1853 593 1908 ornatum
616 1846 784 1928 prinoipem
810 1851 840 1905 et
868 1841 994 1914 cetera,
1010 1855 1091 1924 'quac
1118 1845 1155 1907 ad
1184 1865 1234 1908 res
1264 1857 1333 1928 post
1354 1865 1382 1908 a.

234 1944 296 2011 725
316 1955 416 2027 gestas
437 1949 589 2027 pertinere
611 1955 709 2028 putat,
742 1953 973 2009 commemorata
1003 1947 1215 2029 celebrataque
1238 1967 1305 2010 esse
1326 1947 1380 2010 do·

232 2049 312 2112 celrit
333 2049 496 2112 Tittlerusl
540 2048 622 2121 Quae
644 2049 774 2111 sirecte
796 2047 1065 2110 demonstravimus
1087 2067 1149 2111 non
1174 2048 1253 2112 ultra
1271 2068 1382 2112 annum

232 2151 315 2214 illurn
338 2141 449 2232 egredi,
478 2159 561 2226 certe
584 2169 643 2213 non
661 2159 793 2232 possunt
815 2159 991 2229 argumento
1014 2169 1095 2221 esse,
1126 2153 1272 2232 prooemii
1293 2152 1382 2214 huius

232 2259 334 2333 partes
356 2252 498 2332 quasdam
520 2253 660 2314 secundis
682 2254 764 2315 curis
779 2250 892 2314 additas
908 2269 982 2313 esse.
1019 2251 1113 2314 Porro
1125 2255 1258 2315 Assaraci
1280 2253 1383 2335 proies

232 2355 370 2434 Trosque
385 2373 494 2435 parens
510 2351 562 2434 (35
577 2351 644 2433 sq),
668 2371 798 2433 quorum
821 2354 964 2434 spirantia
979 2355 1062 2433 signa
1085 2373 1118 2415 se
1140 2356 1171 2416 in
1194 2355 1307 2436 templo
1328 2375 1382 2436 po-

233 2458 360 2518 siturum
382 2474 448 2518 esse
474 2464 561 2518 vovet
587 2465 691 2536 poeta,
723 2458 755 2517 in
784 2453 926 2518 Aeneidis
948 2453 985 2516 Vl
1007 2451 1070 2518 648
1096 2457 1200 2536 paucis
1227 2457 1383 2519 versiculis

234 2565 405 2637 tanguntur,
430 2575 497 2618 mox
520 2576 537 2619 a
561 2575 586 2619 v.
610 2555 680 2618 inde
697 2553 758 2619 756
780 2557 909 2619 Dardani
931 2556 1048 2636 prolem
1070 2557 1195 2620 aSilvio
1216 2577 1305 2620 omas
1328 2577 1381 2620 ex·

232 2660 313 2728 citat,
343 2661 427 2721 cuius
450 2677 557 2738 agmen
579 2659 690 2722 claudit
710 2660 861 2738 Augustus
884 2655 955 2721 792.
1003 2659 1103 2740 Prope
1134 2659 1259 2722 ridicula
1282 2668 1382 2724 autem

232 2760 269 2823 ad
292 2760 446 2823 Catilinam
468 2764 499 2823 in
522 2760 618 2841 clipeo
633 2763 705 2822 den.
730 2759 793 2821 Vlll
808 2757 871 2822 669
886 2779 929 2841 sq.
954 2779 1139 2842 expressum,
1164 2763 1189 2823 si
1212 2761 1258 2824 dis
1272 2762 1381 2842 placet,

233 2869 263 2922 et
285 2861 322 2923 ad
343 2862 511 2925 interorum
533 2862 766 2943 descriptionem
789 2862 826 2924 Vl
847 2858 911 2925 566
933 2881 997 2943 sqq.
1022 2861 1128 2924 allusio
1149 2865 1181 2924 io
1205 2881 1229 2924 v.
1253 2861 1382 2927 37-39

231 2965 407 3043 investigata
430 2971 484 3034 est,
508 2965 593 3042 quasi
608 2968 741 3043 Augusto
763 2961 919 3025 invidisset
933 2963 1066 3034 Catilina,
1089 2965 1175 3026 euius
1190 2964 1281 3027 lulius
1295 2973 1383 3045 pater

231 3067 297 3146 ipse
319 3073 433 3128 tantum
456 3084 517 3127 non
540 3067 639 3128 socius
660 3067 767 3135 luerat,
790 3067 874 3146 qnasi
896 3065 1024 3147 denique
1053 3064 1128 3127 haec
1150 3067 1251 3128 omnia
1272 3068 1380 3130 Aenei-

232 3167 279 3228 dis
301 3166 348 3228 vel
371 3166 506 3229 umbram
531 3169 668 3247 exiguam
683 3175 953 3247 repraesentarent.
999 3166 1112 3228 Eodem
1134 3168 1197 3230 lere
1219 3170 1286 3230 iure
1309 3187 1380 3231 con·

233 3269 357 3331 tendere
380 3271 486 3350 possis,
516 3271 665 3349 promisso
687 3287 714 3329 v.
740 3266 779 3330 18
801 3286 866 3348 sqq.
894 3287 1003 3331 cursus
1026 3276 1056 3330 et
1077 3278 1194 3332 caestus
1216 3271 1382 3332 certamina

233 3389 265 3432 se
287 3372 494 3433 instituturum
517 3389 583 3432 esse
605 3373 722 3432 stetisse
743 3378 862 3451 poetam
885 3373 957 3433 len.
981 3373 1004 3432 V
1025 3367 1086 3432 291
1105 3387 1170 3450 sqq.
1193 3377 1223 3432 et
1236 3367 1300 3434 362
1315 3389 1381 3454 sqq.

234 3471 374 3535 ludorum
396 3473 578 3535 narratione.

318 3575 395 3647 Quid
418 3583 517 3636 tamen
541 3575 692 3636 Britannis
714 3575 858 3638 iaciamus
882 3575 917 3656 (v.
941 3571 992 3654 25)
1015 3576 1126 3637 nescio.
1176 3574 1248 3637 llihi
1269 3575 1383 3654 legenti

233 3696 259 3736 v.
282 3673 410 3750 tle-48
443 3675 566 3738 dubium
600 3695 661 3738 nou
694 3685 748 3748 est,
783 3679 855 3758 quin
889 3696 924 3739 eo
947 3685 1092 3757 tempore,
1126 3695 1184 3756 quo
1207 3679 1291 3738 tertii
1312 3675 1382 3739 libri

233 3779 423 3859 prooemium
437 3777 527 3858 idque
549 3780 699 3857 integrum
721 3780 897 3859 composuit,
920 3786 1008 3857 poeta
1024 3781 1054 3840 in
1069 3781 1168 3842 animo
1183 3777 1229 3839 vel
1244 3777 1384 3840 habuerit

233 3879 279 3942 vel
302 3879 413 3942 habere
436 3898 469 3942 se
491 3880 686 3951 simulaverit,
709 3882 789 3961 ipsas
812 3881 949 3942 Caesaris
970 3898 1020 3942 res
1041 3889 1149 3960 gestas,
1177 3880 1207 3941 id
1231 3878 1311 3958 quod
1333 3879 1383 3941 hic

233 3991 263 4043 et
284 3981 405 4061 optabat
426 3989 456 4042 et
477 3980 606 4052 iubebat,
630 3984 754 4064 proprio
770 3983 901 4044 carmine
917 3981 1097 4054 describere,
1122 3981 1201 4063 quod
1224 3980 1382 4044 consilium

232 4091 335 4164 postea
357 4085 398 4144 ita
421 4084 553 4154 mumvit,
577 4092 610 4144 nt
633 4102 692 4146 ooo
716 4093 775 4146 tam
798 4079 1061 4166 προηγουμένως
1083 4084 1125 4162 (ut
1147 4079 1381 4164 protospata,

155 4229 157 4235 ι
232 4184 253 4248 3
275 4186 325 4264 ait)
350 4184 484 4247 ardentis
506 4187 695 4266 imperatoris
718 4204 841 4267 pugnas,
865 4186 894 4250 lr.
912 4205 937 4247 e.
962 4188 1094 4256 minime,
1119 4192 1151 4246 ut
1166 4183 1309 4246 Tittlerus
1332 4203 1381 4246 vo·

234 4288 307 4358 luit,
342 4285 475 4348 nondum
506 4286 702 4368 depugnatas,
738 4288 790 4349 sed
819 4289 883 4367 ipsa
911 4286 1093 4367 proeliorum
1121 4286 1244 4349 fulmina
1277 4283 1382 4348 modos

238 4397 433 4472 eventusque,
456 4408 544 4471 quam
567 4391 672 4453 avitam
695 4388 838 4452 loliorum
862 4389 986 4469 gloriam
1000 4390 1125 4470 Augusti
1146 4389 1254 4451 merito
1277 4405 1381 4452 numu·
