2962 4904
253 347 294 410 26
473 417 474 420 Ἴ
707 369 945 412 cronacum-ass.

252 551 315 604 tum
337 542 490 619 genetiuis,
514 539 551 600 de
576 539 733 600 verborum
756 541 787 599 in
810 539 892 616 ‘geo'
916 539 1114 602 desinentium
1138 543 1300 619 praeterito
1327 559 1400 620 pro·

252 643 394 712 tulerunt,
418 644 644 722 grammaticum
667 643 798 722 produnt
812 643 842 703 in
857 643 1074 705 reconditiores
1096 643 1215 705 voculas
1237 651 1266 704 et
1288 645 1401 706 formas

252 745 430 824 colligendas
458 752 487 806 et
515 744 738 825 perlustrandas
765 747 859 825 magis
881 765 969 826 quam
999 748 1029 806 in
1058 748 1221 823 scriptores
1253 759 1400 828 perpetuo

251 849 465 910 commentario
488 847 681 910 illustrandos
696 849 852 919 intentum,
878 857 910 910 ut
925 847 1105 912 Ritsehelius
1126 867 1244 928 parerg.
1261 847 1325 912 370
1338 857 1399 913 tam

251 951 401 1013 l'lautinos
424 969 513 1031 quam
535 951 733 1012 Terentianus
756 953 985 1014 commentarios
1014 950 1051 1012 ab
1080 970 1115 1012 eo
1139 953 1303 1014 rectissime
1327 953 1399 1015 alie·

251 1073 306 1116 rros
329 1052 469 1116 babuisse
493 1053 633 1114 videatur.
679 1055 773 1133 Atque
796 1053 886 1116 simili
906 1073 977 1116 sane
1000 1057 1115 1116 ratione
1138 1073 1309 1116 sermonem
1332 1055 1399 1116 illu·

250 1164 375 1218 stratum
405 1176 421 1218 a
452 1155 538 1218 Celso
566 1155 612 1217 bis
641 1158 729 1218 etiam
758 1159 788 1218 in
818 1159 967 1236 georgicis
996 1159 1180 1236 reperimus:
1209 1157 1246 1218 ad
1274 1158 1313 1220 lll
1339 1156 1400 1220 188

251 1259 321 1340 quid
350 1260 458 1338 ‘inque
489 1261 599 1320 vicem'
628 1267 659 1319 et
685 1260 722 1320 ad
745 1255 868 1321 111296
897 1260 965 1338 quid
996 1259 1082 1320 ‘dum
1112 1265 1198 1322 mox’
1226 1260 1283 1334 sibi
1313 1261 1402 1323 vellet

250 1363 403 1443 «praesint,
429 1361 480 1422 sed
503 1363 542 1422 ita
566 1369 665 1423 tamen
689 1370 721 1422 ut
743 1361 799 1422 hae
815 1364 1004 1440 quaestiones
1020 1364 1185 1424 sententiae
1200 1365 1294 1441 magis
1310 1375 1421 1442 quam

251 1466 460 1544 grammaticae
483 1461 573 1525 causa
596 1465 747 1526 institutae
771 1483 836 1525 esse
851 1463 1015 1535 videantur,
1038 1483 1107 1526 nam
1123 1463 1333 1527 dubitaverunt
1355 1468 1400 1528 in·

252 1573 398 1648 terpretes
421 1567 458 1628 de
481 1574 607 1644 utroque
629 1567 696 1627 loco
720 1565 755 1646 (r.
772 1565 900 1646 Pbilarg.
926 1575 955 1626 et
971 1565 1074 1646 Seru).
1120 1568 1251 1646 Longius
1274 1587 1345 1630 vero
1362 1569 1400 1631 ab

241 1672 304 1732 'ista
326 1671 442 1731 ratione
464 1679 579 1731 remota
602 1679 670 1731 suot
685 1667 809 1746 reliqua.
856 1669 930 1729 Nam
954 1669 990 1730 ad
1012 1669 1025 1729 l
1046 1667 1108 1731 277
1129 1672 1266 1746 pallidus
1281 1673 1401 1733 Horcus

251 1774 429 1852 scripturam
450 1771 587 1852 probavit
610 1779 639 1832 et
662 1790 715 1832 eur
738 1771 928 1834 iurisiurandi
951 1771 1025 1832 deus
1053 1772 1180 1853 pallidus
1211 1773 1326 1835 dicatur
1349 1793 1400 1835 er·

251 1874 370 1956 plicavit
393 1873 508 1952 (Seru),
532 1874 569 1935 ad
591 1874 617 1936 ll
639 1871 702 1936 482
724 1874 825 1935 docuit
848 1874 1018 1936 ‘Oceanum
1042 1876 1210 1953 significari,
1242 1877 1293 1953 qui
1316 1885 1400 1939 aestu

250 1996 305 2038 suo
328 1977 435 2037 dilirdit
457 1984 568 2038 terram
590 1978 668 2038 inter
690 1977 897 2038 Mauritaniam
920 1984 949 2038 et
971 1977 1159 2056 Hisparriam’
1190 1997 1283 2058 eoque
1312 1999 1399 2058 spec·

251 2088 314 2141 tare
336 2079 468 2142 obicibus
490 2083 587 2156 ruptis
610 2077 775 2160 (l'bilerg.),
805 2085 835 2138 et
863 2097 898 2138 cx
929 2078 1034 2140 eodem
1065 2082 1281 2142 commentario
1305 2082 1402 2143 Servii

253 2182 404 2243 adnotatio
427 2189 566 2262 excerpta
590 2190 649 2242 est:
681 2181 750 2243 ‘alii
773 2183 815 2242 sic
838 2182 1002 2261 accipiunt,
1033 2181 1111 2264 quod
1136 2183 1232 2261 ruptis
1254 2181 1400 2252 obicibus,

176 2293 178 2296 ’
251 2289 269 2346 i.
295 2305 320 2346 c.
345 2284 433 2365 Calpe
458 2291 486 2344 et
508 2283 623 2346 Atlante
647 2282 797 2352 montibus
819 2283 978 2363 Hispaniae
1002 2291 1031 2344 et
1047 2285 1247 2345 Mauretaniae
1263 2286 1401 2347 Oceanus
1447 2280 1450 2286 ’

252 2390 386 2467 eruperit
409 2396 438 2447 et
459 2387 514 2446 ista
538 2387 642 2447 lecerit
664 2361 771 2454 maria:
791 2386 871 2463 qrrod
893 2404 953 2447 nou
968 2386 1121 2464 procedit’
1146 2405 1171 2447 e.
1190 2405 1217 2464 q.
1235 2407 1257 2447 s.
1304 2388 1400 2450 Porro

253 2490 288 2551 ad
312 2490 351 2551 lll
374 2486 437 2551 313
460 2488 625 2549 ciliciorum
649 2507 736 2549 usum
760 2488 846 2559 docte
869 2488 1036 2567 illustravit,
1065 2489 1116 2549 ubi
1138 2488 1341 2570 Philargprius
1364 2491 1399 2550 ad

253 2590 341 2653 verba
373 2594 478 2651 ‘usum
502 2593 533 2651 in
556 2595 741 2651 castrorum'
763 2591 926 2652 adnotavit:
951 2590 1045 2670 ‘quod
1068 2591 1137 2651 indo
1161 2593 1401 2654 tormentabant

252 2696 383 2770 itemque
406 2691 515 2762 cilicia,
545 2712 620 2772 quae
643 2691 745 2754 Celsus
767 2695 807 2754 ait
829 2692 980 2755 rettulisse
1003 2695 1165 2756 Varronem
1195 2693 1241 2771 (de
1270 2713 1302 2755 re
1325 2703 1398 2756 rust.

252 2797 284 2880 ll
302 2794 338 2855 ll
357 2797 442 2873 extr.)
471 2795 538 2855 ideo
561 2797 604 2856 sic
627 2795 786 2876 appellari,
818 2795 895 2874 quod
920 2815 992 2858 usus
1017 2814 1120 2857 eorum
1143 2799 1173 2857 io
1192 2797 1292 2858 Cilicia
1316 2805 1400 2858 ortus

253 2900 290 2959 sit
299 2901 318 2969 ἰ,
343 2916 417 2978 quae
441 2896 574 2977 suppleri
597 2899 714 2978 possint
735 2917 769 2959 ex
794 2899 943 2960 Serriaois
966 2896 1103 2959 scholiis:
1128 2901 1176 2959 ‘in
1200 2918 1284 2960 usum
1302 2909 1400 2962 autem

253 2996 420 3062 castrorum
443 2999 509 3059 ideo
533 2999 622 3070 dixit,
653 3003 719 3078 quia
745 3001 781 3062 de
804 3001 907 3062 ciliciis
931 3009 960 3061 ct
988 3000 1142 3080 poliuntur
1164 2999 1273 3062 loricae
1297 3008 1327 3062 et
1357 3010 1399 3063 te·

256 3112 365 3183 guntur
388 3099 517 3164 tabulata
540 3104 682 3176 turrium,
707 3123 745 3164 ne
766 3105 851 3165 iactis
874 3102 988 3164 lacibus
1011 3103 1087 3180 ignis
1109 3105 1204 3183 possit
1226 3103 1398 3166 adhaerere.
1433 3149 1442 3168 ,

253 3215 282 3267 ct
305 3206 382 3266 bene
406 3204 505 3266 laudat
529 3205 657 3284 capellas
679 3205 781 3266 dicens
805 3205 969 3280 ciliciotllm
998 3223 1083 3265 usum
1115 3215 1144 3265 et
1165 3208 1195 3266 in
1219 3207 1294 3266 mari
1318 3215 1347 3266 et
1369 3209 1400 3268 iu

254 3318 332 3370 terra
355 3306 499 3388 prodesse
522 3307 724 3370 mortalibus'.
769 3309 850 3369 Talia
880 3307 974 3370 aliena
1004 3325 1108 3368 essca
1137 3309 1181 3368 rel
1210 3309 1344 3378 rusticae
1367 3329 1402 3371 ac

253 3410 390 3472 militaris
419 3409 566 3488 scriptore
594 3409 731 3472 Cornelio
761 3409 847 3472 Celso
876 3412 941 3488 quis
970 3409 1175 3471 contenderit?
1225 3411 1286 3473 Nec
1315 3410 1400 3471 video

253 3531 311 3594 quo
333 3515 398 3574 iure
414 3501 651 3573 Graelenhanius
673 3512 739 3573 hist.
764 3511 867 3592 philol.
892 3508 1011 3574 1v308
1034 3511 1151 3582 dixerit,
1176 3513 1209 3573 ad
1235 3531 1284 3574 res
1307 3512 1401 3575 multo

253 3618 352 3677 minus
375 3632 463 3692 quam
488 3614 522 3675 ad
553 3612 642 3675 verba
671 3613 846 3678 illustranda
875 3623 1010 3695 spectare
1039 3614 1122 3676 locos
1151 3633 1241 3695 supra
1268 3634 1399 3678 courme-

252 3727 393 3780 moratos.

337 3821 398 3898 Ego
414 3819 533 3900 quidem
550 3840 617 3881 curn
635 3829 741 3900 reputo
756 3821 872 3901 llpglui,
897 3822 947 3898 qrri
963 3828 994 3881 ot
1008 3826 1112 3882 auctor
1128 3820 1249 3899 Vergilii
1265 3823 1296 3882 in
1312 3840 1399 3900 geor·

253 3925 325 4003 gicis
348 3923 403 3983 luit
426 3929 454 3983 et
476 3922 509 3982 in'
530 3921 713 3984 carminibus
736 3924 801 3984 eius
825 3924 887 3984 acri
909 3923 1007 3984 studio
1031 3931 1165 3984 versatus
1189 3931 1242 3993 est,
1267 3923 1398 4003 discipu·

253 4027 315 4087 lum
338 4027 430 4092 luisse
454 4024 623 4086 Cornelium
648 4024 764 4086 Celsum
788 4027 947 4105 ipsumque
970 4025 1036 4086 data
1060 4044 1150 4104 opera
1174 4025 1211 4086 de
1233 4044 1267 4086 re
1289 4028 1399 4087 rustica

256 4128 350 4190 libros
373 4129 538 4206 scripsisse,
563 4134 703 4186 testatum
727 4135 824 4188 autem
842 4126 959 4188 Celsum
978 4127 1115 4205 aliquem,
1140 4127 1209 4207 quid
1234 4129 1264 4188 io
1280 4129 1398 4207 georgi·

257 4229 402 4291 conloco
426 4229 553 4310 quodam
575 4231 730 4304 reliquerit
758 4238 862 4309 poeta,
892 4239 1000 4298 cetera,
1031 4246 1106 4306 quae
1127 4230 1207 4290 idern
1231 4229 1334 4292 Celsus
1363 4228 1398 4290 ad

257 4335 394 4410 georgica
418 4331 576 4400 adnotavit,
600 4331 749 4392 hominem
766 4331 896 4411 prodere
912 4333 1085 4410 elegantem,
1109 4333 1140 4393 in
1156 4331 1346 4411 geographia,
1369 4333 1399 4393 in

255 4455 288 4495 re
311 4435 430 4502 rustica,
454 4436 485 4496 in
508 4433 629 4496 Hesiodi
652 4453 776 4516 operum
801 4443 829 4495 et
854 4433 968 4496 dierum
993 4442 1129 4513 poenrate
1152 4442 1319 4505 uersatum,
1349 4455 1398 4495 ro·
