3038 4912
256 324 319 390 100
701 341 947 386 recusuoaums.

339 513 561 595 Iniquissimum
585 511 714 592 denique
730 511 786 572 fuit
802 513 844 572 M.
868 493 1009 587 lesunu'
1022 509 1181 590 dictum*),
1205 529 1293 591 quem
1310 515 1403 574 miror

255 615 481 697 Bernhardyum
503 617 533 676 in
560 613 628 676 bist.
653 612 805 675 littllom.
830 601 929 674 adnot.
956 610 1025 683 lli,
1048 621 1204 693 postquam
1228 616 1298 676 satis
1321 623 1403 677 recte

258 737 293 780 ea
316 719 353 780 de
376 737 410 780 re
433 715 620 779 Weichertus
641 722 735 796 poett.
759 715 834 777 Latt.
858 713 923 776 rell.
947 734 978 795 p.
1000 711 1064 776 275
1086 716 1254 795 disputarit,
1279 737 1293 778 a
1319 718 1403 780 nobi·

254 820 367 884 lissimo
392 821 434 882 M.
464 819 603 900 Vipsauio
631 819 760 898 Agrippa
793 816 888 898 probe
916 816 1061 896 distingui
1088 817 1205 880 iubere.
1263 820 1320 892 Oui
1348 822 1403 882 etsi

254 924 431 984 ‘rusticitati
459 909 598 1002 propior·
613 939 700 1001 quam
728 919 860 980 deliciis’
884 918 981 980 Plinio
1003 939 1032 980 n.
1057 919 1086 980 b.
1111 920 1213 982 XXXV
1234 919 1264 992 4,
1289 921 1309 982 9
1332 921 1403 984 diei·

254 1033 320 1095 tur,
350 1031 449 1085 tamen
472 1030 505 1084 ut
527 1023 577 1101 qui
599 1022 712 1084 Horatii
735 1023 867 1082 carmine
895 1019 998 1082 laudes
1020 1039 1094 1084 suus
1113 1022 1260 1088 celebrari
1281 1033 1405 1104 cuperet

254 1127 303 1206 (cf.
327 1126 397 1188 flor.
423 1141 514 1187 earm.
538 1121 603 1205 16)
627 1132 770 1186 nontam
793 1143 809 1185 a
831 1123 924 1185 Musis
947 1121 1063 1185 alienus
1086 1134 1159 1194 erat,
1185 1135 1299 1188 utnon
1322 1125 1402 1196 llae-

255 1229 367 1290 cenatis
390 1227 575 1289 calamistros
598 1228 693 1288 ursum
715 1224 795 1287 bello
818 1233 848 1287 et
869 1227 988 1304 negotio
1012 1233 1114 1287 natum
1136 1229 1239 1289 risisse
1261 1228 1404 1290 credibile

255 1333 302 1392 sit.
359 1329 417 1392 Sed
442 1329 569 1404 eundem
597 1347 658 1391 non
686 1330 785 1390 miuus
814 1325 900 1390 facile
928 1327 1086 1416 credemus
1114 1331 1176 1390 sire
1205 1330 1410 1409 malignorum

255 1433 410 1494 bominum
433 1433 519 1493 dictis
541 1432 643 1511 inponi
666 1430 722 1492 sibi
743 1448 866 1510 passum
894 1431 955 1492 sive
985 1431 1135 1493 simultate
1166 1433 1292 1511 quadam
1325 1434 1404 1494 inter

255 1535 354 1616 ipsum
377 1541 407 1596 et
428 1534 628 1596 Maecenatem
652 1534 774 1612 eiusque
797 1531 958 1594 familiares
980 1541 1044 1595 orta
1068 1533 1118 1612 (cf.
1135 1533 1190 1595 llio
1211 1532 1263 1604 54,
1286 1529 1316 1610 6)
1342 1535 1403 1594 sire

255 1655 310 1717 per
332 1638 405 1698 varii
428 1636 577 1698 sermonis
598 1636 762 1696 iocationes
784 1652 890 1696 novam
913 1635 1014 1697 multis
1037 1635 1207 1698 nuntiabas
1228 1635 1403 1698 inauditam-

256 1756 314 1818 que
336 1737 458 1818 Vergilii
491 1746 585 1800 artem
619 1735 723 1799 eadem
756 1735 857 1798 iudicii
890 1739 1086 1816 perversitate
1114 1737 1315 1808 damnavisse,
1346 1753 1403 1818 qua

256 1841 404 1904 doctiores
427 1860 463 1902 eo
486 1840 704 1902 obtrectatores
726 1838 951 1902 damnaverunt.

341 1962 480 2024 Ceterum
503 1962 533 2021 in
556 1959 757 2021 Maecenatem
785 1960 880 2036 magis
909 1977 997 2038 quam
1026 1960 1057 2022 in
1081 1959 1240 2040 Vergilium
1272 1961 1405 2022 invectus

259 2071 314 2134 est,
338 2083 407 2124 curn
430 2079 577 2130 summurn
600 2060 764 2122 cacozeliae
786 2061 929 2122 artificem
953 2069 982 2122 et
1003 2069 1156 2124 auctorem
1180 2065 1289 2125 ceteris
1309 2065 1404 2124 oxnni-

256 2147 313 2227 bus
336 2164 455 2245 quidem
479 2167 543 2225 eius
565 2163 735 2252 generibus,
759 2164 820 2224 sire
836 2170 952 2225 tumore
974 2166 1036 2226 sive
1052 2166 1181 2227 exilitate
1204 2167 1403 2234 continentur,

257 2269 452 2338 satisfecisse,
486 2268 538 2328 uni
570 2275 669 2328 tamen
700 2283 736 2326 ex
764 2265 971 2326 communibus
999 2266 1100 2328 verbis
1127 2270 1291 2348 composito
1314 2273 1405 2344 atque

255 2370 323 2431 ideo
345 2369 449 2432 latenti
478 2369 557 2448 quod
591 2375 621 2429 et
647 2369 711 2448 ipse
740 2369 904 2448 reperisset
933 2369 1067 2447 inparem
1096 2387 1129 2431 se
1157 2370 1287 2431 sensisse
1317 2371 1405 2447 eique

260 2464 404 2533 vicarium
426 2472 620 2551 supposuisse
636 2467 798 2548 Vergilium
814 2469 972 2531 dictitaret.
1002 2460 1199 2560 Κακόζηλον
1220 2478 1318 2532 autem
1334 2470 1405 2548 quid

256 2577 295 2636 sit
317 2574 384 2634 vide
408 2570 487 2653 apud
504 2571 719 2644 Quintilianum
741 2571 804 2632 Vlll
820 2569 850 2642 3,
873 2568 915 2632 56
931 2589 994 2652 sqq.
1020 2579 1050 2632 et
1071 2569 1100 2641 6,
1124 2571 1166 2634 74
1188 2567 1218 2634 et
1233 2573 1404 2636 Diomedem

257 2694 284 2755 p.
306 2672 369 2737 451
393 2675 428 2736 ll.
473 2675 653 2736 Maecenatis
676 2673 713 2735 de
735 2667 915 2751 quibusdam
938 2671 1078 2735 Aeneidis
1107 2673 1182 2736 locis
1203 2675 1311 2737 iudicia
1333 2672 1403 2736 sub·

256 2777 318 2840 tilia
341 2785 444 2839 narrat
467 2777 580 2839 Seneca
603 2796 682 2840 suas.
705 2794 734 2855 p.
759 2771 789 2845 6,
812 2771 854 2835 22
876 2793 941 2855 sqq.
966 2774 1026 2856 (17,
1050 2773 1112 2838 262
1134 2775 1186 2846 21,
1210 2773 1239 2856 9)
1264 2777 1297 2840 Β.

346 2898 455 2959 Contra
483 2897 538 2959 hos
565 2899 656 2977 igitur
685 2917 789 2959 omnes
816 2916 876 2958 uon
908 2906 1002 2959 artem
1039 2893 1317 2975 tantum'Vergilii,
1352 2896 1405 2958 sed

257 3018 359 3062 mores
389 3001 475 3060 etiam
505 2997 639 3060 defendit
662 2999 695 3071 O.
719 3001 865 3060 Asconius
885 2999 1038 3060 Pedianus
1060 2991 1138 3059 libro
1160 3007 1264 3060 contra
1287 2997 1405 3086 obtrec-

224 3145 227 3150 -
257 3111 370 3163 tatores
392 3103 512 3182 scripto,
536 3119 607 3162 usus
629 3102 659 3162 ni
675 3099 762 3162 fallor
777 3102 830 3172 eis,
853 3117 930 3180 quae
945 3101 1033 3161 amici
1048 3099 1269 3180 familiaresque
1284 3109 1401 3181 poetae,

258 3206 372 3274 Varius
395 3201 542 3272 Melissus,
566 3201 615 3264 alii
637 3204 763 3264 fortasse
786 3202 823 3263 de
846 3204 966 3281 ingenio
990 3201 1185 3280 moribusque
1208 3203 1272 3263 eius
1288 3220 1405 3263 memo·

258 3307 320 3368 riae
347 3303 541 3366 tradiderant.
595 3303 631 3366 Et
660 3323 759 3365 mores
789 3305 840 3384 qui
869 3304 1075 3383 exagitabant,
1110 3303 1249 3367 videntur
1277 3305 1406 3366 maxime

258 3397 376 3469 amores
397 3415 506 3487 poetae
521 3408 744 3486 perstrinxisse.
783 3404 856 3466 lude
873 3404 1013 3484 estquod
1036 3407 1067 3466 in
1089 3424 1201 3486 pueros
1223 3407 1405 3486 promerui

257 3510 352 3570 fuisse
376 3516 405 3570 et
427 3509 556 3568 maxime
578 3507 788 3577 Alexandrum,
813 3507 956 3569 Pollionis
978 3527 1107 3578 servum,
1132 3516 1161 3568 et
1176 3506 1315 3569 Cebetem
1339 3527 1406 3570 cum

259 3611 344 3672 Leria
373 3607 489 3690 puella,
524 3628 599 3690 quos
627 3629 642 3672 a
672 3610 843 3672 Maecenate
871 3611 1033 3691 acceperit,
1067 3627 1123 3672 nec
1151 3629 1210 3672 non
1238 3610 1404 3687 Antigenen

258 3816 561 3824 ψ.-

325 3949 353 4018 *)
371 3951 424 4005 εΜ.
448 3951 598 4018 Vipsanius
620 3969 637 4003 a
659 3949 827 4005 Maecenate
852 3927 921 4006 eum·
936 3947 1105 4020 suppositum
1130 3950 1294 4020 appellabat
1315 3963 1404 4004 novae

259 4037 420 4088 cacozeliae
439 4041 606 4104 repertorem
625 4053 679 4088 non
697 4039 818 4089 tumidae
831 4053 883 4089 neo
897 4039 984 4099 exilis,
1003 4039 1051 4089 sed
1065 4055 1098 4088 ex
1112 4039 1298 4090 communibus
1310 4040 1404 4090 verbis

259 4124 343 4186 atque
362 4121 424 4172 ideo
443 4119 573 4172 latentis’
592 4120 739 4174 Suetonius
758 4123 776 4176 l.
794 4122 813 4173 l.

309 4220 356 4288 **)
375 4220 463 4274 Cuius
481 4221 608 4274 libidinis
625 4239 728 4275 memor
744 4223 887 4275 Iuvenalis
905 4225 957 4276 v11
975 4227 1007 4276 df
1026 4224 1099 4293 (69):

462 4314 541 4358 ‘narn
559 4309 583 4358 si
601 4307 724 4375 Vergilio
742 4325 811 4376 puer
828 4313 858 4360 et
874 4309 1021 4362 tolerabile
1039 4311 1133 4363 desset

461 4392 623 4462 hospitium,
643 4392 775 4444 caderent
791 4410 886 4446 omnes
904 4413 922 4446 a
940 4396 1060 4447 crinibus
1077 4395 1173 4462 hydri’
1192 4412 1215 4449 e.
1229 4413 1254 4464 q.
1267 4412 1290 4450 a.
