3038 4912
270 310 311 374 68
713 332 959 375 rnoucaoumrn.

268 501 377 580 cipere.
422 499 524 578 ltaque
556 505 619 560 tres
651 498 719 562 illos
752 519 855 562 versus
888 499 964 580 (nam
998 518 1054 580 per
1086 517 1119 560 se
1153 498 1221 560 stilo
1243 498 1412 578 Vergiliano

267 601 434 680 dignissimi
457 603 536 682 sunt]
560 601 788 682 dittograpbiam
817 605 1003 692 sequentium
1036 621 1101 663 esse
1129 601 1274 671 arbitror,
1303 603 1412 682 quibus

267 705 385 765 omissis
408 723 433 763 v.
458 701 520 765 715
543 705 694 783 aptissime
717 705 753 765 ad
777 702 839 766 709
863 705 1088 785 adiungebatur.

352 806 477 868 Restant
499 805 553 866 alia
577 825 680 887 pauca,
713 824 788 885 quae
817 825 884 868 curn
913 815 1059 869 attentum
1088 807 1232 869 lectorem
1255 808 1416 879 ollendant,

272 909 350 969 lacili
374 916 403 968 et
424 906 581 988 probabili,
606 910 636 970 ni
660 908 756 979 lallor,
780 909 986 972 emendatione
1009 895 1211 988 corriguntur.
1242 911 1285 972 Ex
1308 911 1416 988 quibus

269 1011 328 1071 duo
362 1010 411 1070 bic
443 1009 579 1090 exempla
607 1029 782 1091 proponam.
834 1012 975 1082 Queritur
1002 1031 1027 1071 v.
1056 1009 1114 1073 381
1143 1031 1207 1092 sqq.
1236 1017 1350 1074 Aeneas
1379 1032 1414 1073 ex

267 1112 329 1174 ‘bis
362 1112 464 1174 deuis'
494 1112 602 1191 quibus
631 1113 792 1195 Phrygium
824 1132 934 1194 aequor
964 1114 1184 1176 conscenderit
1200 1113 1323 1176 naribus
1352 1117 1416 1176 ‘vix

270 1220 403 1294 septcm’
427 1214 583 1276 convulsas
605 1215 692 1276 undis
715 1235 849 1296 euroque
871 1235 1038 1296 superesse.
1075 1217 1113 1278 Et
1134 1235 1167 1278 re
1189 1235 1258 1278 vera
1281 1220 1415 1298 ‘septem

267 1316 402 1378 collectis
433 1316 556 1378 navibus
583 1319 665 1378 omui
694 1337 729 1379 ex
757 1322 902 1379 uumero'
931 1326 1052 1399 portum
1081 1319 1183 1381 subire
1212 1318 1340 1382 traditus
1370 1327 1417 1380 est

269 1437 296 1478 v.
323 1416 393 1480 170.
440 1418 498 1480 Sed
521 1420 551 1480 in
581 1421 675 1501 ipsius
703 1421 848 1498 naufragii
876 1420 1077 1502 descriptione
1105 1420 1260 1483 duodecim
1290 1429 1414 1493 tanturn,

266 1539 325 1582 non
351 1522 498 1582 tredecim
520 1523 638 1583 navium
662 1524 763 1584 ruinas
786 1522 944 1603 descripsit
965 1533 1052 1604 poeta
1075 1541 1119 1584 vv.
1144 1519 1205 1584 102
1226 1541 1290 1602 sqq.
1322 1525 1415 1586 Fran·

270 1624 350 1702 gitur
374 1624 453 1684 eninr
475 1625 605 1704 primum
628 1626 723 1705 ipsius
743 1628 861 1686 Aeneae
884 1627 979 1696 navis,
1011 1633 1071 1686 tum
1095 1633 1157 1686 tres
1180 1633 1250 1687 noto
1273 1625 1414 1706 abreptae

265 1727 298 1786 in
321 1745 388 1788 aras
411 1735 606 1806 torquentur,
637 1736 698 1788 tres
721 1728 847 1788 euroin
870 1736 981 1808 syrtes;
1019 1735 1120 1788 octava
1143 1737 1189 1790 est
1210 1745 1287 1806 quae
1309 1727 1414 1810 Lycios

268 1827 419 1908 fidumque
455 1828 581 1890 vehebat
608 1829 758 1898 Orontem
781 1848 867 1890 nona
894 1830 1013 1901 lliouei,
1046 1828 1161 1891 decima
1189 1829 1293 1892 Achati
1321 1830 1413 1899 uaris,

270 1930 426 1992 undecima
450 1932 525 2011 ‘qua
547 1937 648 1994 vectus
666 1930 773 2001 Abas’,
797 1930 972 1993 duodecima
996 1937 1072 2010 ‘qua
1092 1932 1278 2010 grandaevus
1291 1931 1413 1994 Aletes'.

273 2032 353 2110 llrgo
367 2041 418 2093 aut
440 2032 634 2112 neglegenter
656 2052 745 2095 unam
769 2035 905 2096 omisisse
928 2034 1101 2096 statuendus
1124 2035 1180 2095 erit
1195 2032 1341 2112 Vergilius
1363 2042 1415 2095 aut

274 2135 447 2196 coniectura
471 2135 641 2214 diligentiae
664 2138 727 2198 eius
749 2137 995 2199 succurrendum.
1039 2136 1140 2198 Possis
1164 2137 1242 2196 eninr
1263 2137 1413 2206 conicere,

269 2239 343 2307 eius,
367 2238 397 2298 in
421 2255 477 2315 qua
501 2256 568 2298 curu
591 2237 687 2317 Lyciis
710 2239 838 2300 Orontes
859 2237 1036 2308 vehebatur,
1066 2240 1147 2300 naris
1169 2239 1321 2298 interitum
1345 2257 1412 2300 cnm

267 2340 403 2417 magistri
426 2357 495 2400 casu
519 2358 545 2401 r.
572 2337 632 2401 115
656 2342 831 2420 (³excutitur
858 2358 1031 2422 prauusque
1060 2341 1203 2420 magister
1230 2329 1354 2401 volvitur
1383 2341 1413 2402 in

267 2444 387 2521 eaput')
411 2441 580 2504 absolutum
603 2462 679 2512 csse,
702 2445 788 2522 sequi
811 2443 918 2504 deinde
941 2442 1017 2505 alius
1038 2443 1223 2511 memoriam,
1246 2449 1279 2502 ut
1300 2461 1326 2501 v.
1353 2439 1414 2502 116

264 2547 358 2604 uliam
380 2562 435 2623 pro
457 2547 541 2606 illam
564 2552 701 2606 correcto
722 2544 881 2624 legendum
904 2547 957 2606 sit:
1172 2537 1178 2560 ¹

754 2660 798 2708 ast
820 2655 911 2708 eliam
935 2660 976 2708 ter
997 2651 1098 2708 ductus
1121 2649 1221 2708 ibidem

417 2762 528 2828 torquet
548 2769 633 2827 agens
657 2755 760 2810 circum
783 2761 811 2810 et
833 2750 943 2828 rapidus
967 2763 1044 2810 vorat
1066 2771 1187 2828 aequore
1209 2763 1312 2811 vortex.

188 2930 190 2934 Ι
264 2852 353 2924 Quod
384 2854 472 2914 etiam
502 2850 646 2913 vocabulo
680 2851 827 2912 ‘ibidem’
861 2850 1064 2913 commendari
1099 2852 1230 2913 videtur:
1265 2870 1333 2914 nam
1356 2851 1412 2912 ibi·

267 2955 352 3024 dern,
386 2954 440 3016 ubi
471 2956 613 3034 magister
641 2953 800 3024 deciderit,
838 2972 944 3016 navem
969 2971 1087 3032 quoque
1109 2955 1197 3015 undis
1225 2955 1323 3015 vorari
1352 2971 1411 3015 non

264 3064 329 3118 erat
349 3058 485 3137 prolecto
509 3076 562 3118 cur
584 3056 800 3118 adsumeretur.
838 3058 918 3118 ‘Ast'
942 3055 1117 3136 particulam
1141 3074 1209 3117 eum
1231 3057 1412 3136 pronomine

266 3158 372 3220 ‘alius’
389 3161 578 3222 coniunctam
595 3158 687 3221 babes
709 3157 735 3220 ll
749 3155 811 3220 467
835 3155 963 3220 1111488
986 3156 1101 3220 71316
1131 3155 1260 3220 711395
1282 3158 1321 3218 lll
1338 3155 1409 3219 727.

349 3263 457 3324 Iniuria
469 3262 640 3324 Friderieus
651 3261 784 3323 Conrads
796 3260 921 3341 p.llVlll
937 3279 981 3339 sq.
1006 3259 1159 3323 contendit
1169 3262 1319 3338 Cyclopea
1330 3278 1411 3321 suan

265 3383 292 3426 v.
314 3360 377 3426 201
406 3384 423 3426 a
451 3366 532 3426 tertii
559 3363 627 3426 libri
655 3366 826 3426 narratione
854 3363 1027 3434 abhorrere,
1056 3361 1107 3424 ubi
1136 3381 1201 3423 cunr
1230 3381 1257 3421 r.
1280 3359 1343 3422 643
1366 3381 1410 3441 sq.

266 3467 345 3528 dicat
366 3466 602 3530 Achaemenides
624 3468 761 3528 ‘centum
783 3465 832 3528 alii
860 3483 956 3528 curru
984 3468 1060 3527 daec
1089 3464 1221 3526 habitant
1249 3466 1293 3524 ad
1319 3467 1413 3525 litora

265 3569 351 3648 volgo
374 3570 489 3630 lnlandi
505 3568 648 3650 Cyclopes
671 3577 701 3630 et
723 3568 789 3630 altis
811 3569 963 3654 montibus
980 3569 1108 3637 errant',
1131 3585 1170 3628 ne
1192 3573 1276 3626 antra
1291 3566 1411 3646 quidem

271 3671 431 3751 Cyclopum
454 3672 525 3752 quin
549 3673 656 3752 partim
680 3671 725 3732 vel
749 3670 784 3730 ad
807 3671 894 3733 litora
923 3671 1035 3730 luerint
1061 3668 1107 3730 vel
1134 3668 1204 3728 inde
1232 3667 1317 3728 lacile
1341 3687 1413 3729 corr-

262 3774 345 3852 spici,
370 3781 529 3854 conspecta
551 3780 650 3834 autern
672 3781 820 3835 terrorem
843 3772 932 3833 sociis
954 3773 1090 3832 incutere
1112 3771 1266 3849 potuerint
1283 3768 1409 3830 dubium

242 3881 318 3950 ⁴est.
370 3876 433 3936 Nee
461 3877 569 3937 mirum
598 3875 729 3937 interdiu
757 3883 893 3955 pastores
921 3875 953 3934 in
983 3872 1063 3934 silvis
1093 3881 1122 3932 et
1148 3871 1299 3932 montibus
1328 3880 1411 3932 extra

265 3975 433 4039 habitacula
466 3988 586 4057 vagatos
617 3996 684 4038 esse
719 3973 800 4057 (644.
830 3973 907 4038 655.
932 3971 1015 4055 675).
1072 3973 1130 4034 Sed
1163 3991 1244 4033 saxo
1266 3972 1412 4052 Cyclopea

264 4098 301 4142 ue
332 4099 408 4161 opus
431 4080 549 4158 quidem
574 4089 620 4140 est
641 4085 726 4140 antra
749 4077 899 4157 intellegi:
934 4076 1043 4159 quibus
1067 4074 1159 4136 multo
1193 4076 1282 4136 etiam
1312 4077 1413 4154 aptius

263 4183 361 4262 ipsum
385 4183 545 4264 Cyclopum
569 4182 639 4243 litus
661 4200 800 4243 saxosum
824 4188 854 4241 et
875 4178 977 4241 multis
1000 4177 1113 4247 modis,
1144 4175 1260 4258 Scyllae
1283 4184 1314 4236 et
1335 4175 1411 4238 Clua-

262 4285 364 4363 rybdis
386 4283 576 4353 clamoribus,
599 4286 709 4345 Aetnae
726 4284 862 4353 dammis,
887 4281 1048 4363 Cyclopum
1065 4281 1250 4340 immanitate
1275 4277 1412 4340 terribile

263 4387 422 4464 significari
443 4394 607 4446 statuemus
631 4385 678 4465 (cl.
703 4385 725 4444 V
747 4383 831 4465 (327).
