<?xml version="1.0" encoding="UTF-8"?>
<!DOCTYPE html PUBLIC "-//W3C//DTD XHTML 1.0 Transitional//EN"
    "http://www.w3.org/TR/xhtml1/DTD/xhtml1-transitional.dtd">
<html xmlns="http://www.w3.org/1999/xhtml" xml:lang="en" lang="en">
 <head>
  <title>
</title>
<meta http-equiv="Content-Type" content="text/html;charset=utf-8" />
  <meta name='ocr-system' content='tesseract 3.04.00' />
  <meta name='ocr-capabilities' content='ocr_page ocr_carea ocr_par ocr_line ocrx_word'/>
</head>
<body>
  <div class='ocr_page' id='page_1' title='image "./pvergilimaronis01ribbgoog/pvergilimaronis01ribbgoog_0249.png"; bbox 0 0 2956 4906; ppageno 0'>
   <div class='ocr_carea' id='block_1_1' title="bbox 257 335 994 400">
    <p class='ocr_par' dir='ltr' id='par_1_1' title="bbox 257 335 994 400">
     <span class='ocr_line' id='line_1_1' title="bbox 257 335 994 400; baseline -0.007 0"><span class='ocrx_word' id='word_1_1' title='bbox 257 335 319 400; x_wconf 82' lang='grc'><strong>212</strong></span> <span class='ocrx_word' id='word_1_2' title='bbox 699 355 943 399; x_wconf 78' lang='lat' dir='ltr'><strong>rsouuuoumm.</strong></span> <span class='ocrx_word' id='word_1_3' title='bbox 992 345 994 348; x_wconf 82' lang='grc'><strong>’</strong></span> 
     </span>
    </p>
   </div>
   <div class='ocr_carea' id='block_1_2' title="bbox 257 519 1397 600">
    <p class='ocr_par' dir='ltr' id='par_1_2' title="bbox 257 519 1397 600">
     <span class='ocr_line' id='line_1_2' title="bbox 257 519 1397 600; baseline -0.004 -12"><span class='ocrx_word' id='word_1_4' title='bbox 257 543 416 588; x_wconf 82' lang='lat' dir='ltr'><strong>serenas</strong></span> <span class='ocrx_word' id='word_1_5' title='bbox 442 525 455 585; x_wconf 98' lang='lat' dir='ltr'><strong>l</strong></span> <span class='ocrx_word' id='word_1_6' title='bbox 481 520 541 586; x_wconf 85' lang='grc'><strong>461</strong></span> <span class='ocrx_word' id='word_1_7' title='bbox 577 525 714 598; x_wconf 75' lang='lat' dir='ltr'><strong>(serentes</strong></span> <span class='ocrx_word' id='word_1_8' title='bbox 745 525 814 599; x_wconf 84' lang='lat' dir='ltr'><strong>bt),</strong></span> <span class='ocrx_word' id='word_1_9' title='bbox 842 525 1035 600; x_wconf 82' lang='lat' dir='ltr'><strong>&#39;pecudum</strong></span> <span class='ocrx_word' id='word_1_10' title='bbox 1067 521 1120 582; x_wconf 95' lang='lat' dir='ltr'><strong>llll</strong></span> <span class='ocrx_word' id='word_1_11' title='bbox 1147 519 1209 583; x_wconf 75' lang='grc'><strong>327</strong></span> <span class='ocrx_word' id='word_1_12' title='bbox 1238 524 1397 599; x_wconf 79' lang='lat' dir='ltr'><strong>(pecorum</strong></span> 
     </span>
    </p>
   </div>
   <div class='ocr_carea' id='block_1_3' title="bbox 128 620 1130 706">
    <p class='ocr_par' dir='ltr' id='par_1_3' title="bbox 128 620 1130 706">
     <span class='ocr_line' id='line_1_3' title="bbox 128 620 1130 706; baseline -0.005 -17"><span class='ocrx_word' id='word_1_13' title='bbox 128 642 132 650; x_wconf 85' lang='lat'><em>·</em></span> <span class='ocrx_word' id='word_1_14' title='bbox 261 630 396 706; x_wconf 67' lang='lat' dir='ltr'><strong>anyto),</strong></span> <span class='ocrx_word' id='word_1_15' title='bbox 422 626 578 688; x_wconf 77' lang='lat' dir='ltr'><strong>ablativum</strong></span> <span class='ocrx_word' id='word_1_16' title='bbox 602 629 687 687; x_wconf 90' lang='lat' dir='ltr'><strong>oleo</strong></span> <span class='ocrx_word' id='word_1_17' title='bbox 709 641 754 704; x_wconf 79' lang='lat' dir='ltr'><strong>ge.</strong></span> <span class='ocrx_word' id='word_1_18' title='bbox 778 620 887 685; x_wconf 81' lang='lat'>11222</span> <span class='ocrx_word' id='word_1_19' title='bbox 911 625 1010 696; x_wconf 89' lang='lat' dir='ltr'><strong>(oleae</strong></span> <span class='ocrx_word' id='word_1_20' title='bbox 1032 625 1130 700; x_wconf 76' lang='lat' dir='ltr'><strong>Miro).</strong></span> 
     </span>
    </p>
   </div>
   <div class='ocr_carea' id='block_1_4' title="bbox 256 721 1400 1823">
    <p class='ocr_par' dir='ltr' id='par_1_4' title="bbox 257 721 1398 1312">
     <span class='ocr_line' id='line_1_4' title="bbox 343 721 1396 805; baseline -0.001 -16"><span class='ocrx_word' id='word_1_21' title='bbox 343 729 443 790; x_wconf 82' lang='lat' dir='ltr'>Fidem</span> <span class='ocrx_word' id='word_1_22' title='bbox 477 728 622 789; x_wconf 87' lang='lat' dir='ltr'><strong>meruisse</strong></span> <span class='ocrx_word' id='word_1_23' title='bbox 653 726 732 787; x_wconf 92' lang='lat' dir='ltr'><strong>idem</strong></span> <span class='ocrx_word' id='word_1_24' title='bbox 765 725 882 787; x_wconf 85' lang='lat' dir='ltr'><strong>videtur</strong></span> <span class='ocrx_word' id='word_1_25' title='bbox 914 722 991 805; x_wconf 86' lang='lat' dir='ltr'><strong>quod</strong></span> <span class='ocrx_word' id='word_1_26' title='bbox 1018 728 1091 787; x_wconf 79' lang='lat' dir='ltr'><strong>Aen.</strong></span> <span class='ocrx_word' id='word_1_27' title='bbox 1120 724 1155 786; x_wconf 92' lang='lat' dir='ltr'><strong>lll</strong></span> <span class='ocrx_word' id='word_1_28' title='bbox 1181 721 1244 787; x_wconf 79' lang='grc'><strong>764</strong></span> <span class='ocrx_word' id='word_1_29' title='bbox 1276 735 1396 802; x_wconf 67' lang='lat' dir='ltr'><strong>tererem</strong></span> 
     </span>
     <span class='ocr_line' id='line_1_5' title="bbox 258 826 1398 910; baseline -0.004 -19"><span class='ocrx_word' id='word_1_30' title='bbox 258 827 423 910; x_wconf 68' lang='lat' dir='ltr'><strong>(Mesphe)</strong></span> <span class='ocrx_word' id='word_1_31' title='bbox 447 835 580 898; x_wconf 88' lang='lat' dir='ltr'><strong>testatur,</strong></span> <span class='ocrx_word' id='word_1_32' title='bbox 605 829 738 908; x_wconf 86' lang='lat' dir='ltr'><strong>quamvis</strong></span> <span class='ocrx_word' id='word_1_33' title='bbox 760 827 912 889; x_wconf 79' lang='lat' dir='ltr'>Charisius</span> <span class='ocrx_word' id='word_1_34' title='bbox 935 827 996 886; x_wconf 83' lang='lat' dir='ltr'><strong>sive</strong></span> <span class='ocrx_word' id='word_1_35' title='bbox 1018 826 1175 887; x_wconf 77' lang='lat' dir='ltr'>Palaemon</span> <span class='ocrx_word' id='word_1_36' title='bbox 1199 836 1332 903; x_wconf 74' lang='lat' dir='ltr'><strong>taraus</strong></span> <span class='ocrx_word' id='word_1_37' title='bbox 1355 831 1398 906; x_wconf 77' lang='lat' dir='ltr'><strong>{ut</strong></span> 
     </span>
     <span class='ocr_line' id='line_1_6' title="bbox 257 928 1397 1011; baseline -0.004 -19"><span class='ocrx_word' id='word_1_38' title='bbox 257 933 338 1010; x_wconf 88' lang='lat' dir='ltr'><strong>PtR)</strong></span> <span class='ocrx_word' id='word_1_39' title='bbox 368 933 482 1011; x_wconf 82' lang='lat' dir='ltr'><strong>legerit.</strong></span> <span class='ocrx_word' id='word_1_40' title='bbox 533 929 604 992; x_wconf 87' lang='lat' dir='ltr'><strong>Nam</strong></span> <span class='ocrx_word' id='word_1_41' title='bbox 633 949 699 991; x_wconf 88' lang='lat' dir='ltr'><strong>oum</strong></span> <span class='ocrx_word' id='word_1_42' title='bbox 728 947 868 1009; x_wconf 89' lang='lat' dir='ltr'><strong>pecorum</strong></span> <span class='ocrx_word' id='word_1_43' title='bbox 896 946 988 1006; x_wconf 79' lang='lat' dir='ltr'><strong>grege</strong></span> <span class='ocrx_word' id='word_1_44' title='bbox 1016 929 1162 1006; x_wconf 78' lang='lat' dir='ltr'><strong>fugientes</strong></span> <span class='ocrx_word' id='word_1_45' title='bbox 1190 928 1291 990; x_wconf 88' lang='lat' dir='ltr'><strong>hostes</strong></span> <span class='ocrx_word' id='word_1_46' title='bbox 1313 928 1397 989; x_wconf 88' lang='lat' dir='ltr'><strong>nullo</strong></span> 
     </span>
     <span class='ocr_line' id='line_1_7' title="bbox 257 1031 1396 1114; baseline -0.002 -20"><span class='ocrx_word' id='word_1_47' title='bbox 257 1040 411 1114; x_wconf 86' lang='lat' dir='ltr'><strong>praeterea</strong></span> <span class='ocrx_word' id='word_1_48' title='bbox 441 1031 582 1095; x_wconf 87' lang='lat' dir='ltr'><strong>vocabulo</strong></span> <span class='ocrx_word' id='word_1_49' title='bbox 609 1032 790 1110; x_wconf 87' lang='lat' dir='ltr'><strong>compararit</strong></span> <span class='ocrx_word' id='word_1_50' title='bbox 811 1037 907 1110; x_wconf 86' lang='lat' dir='ltr'><strong>poeta.</strong></span> <span class='ocrx_word' id='word_1_51' title='bbox 958 1032 1066 1090; x_wconf 83' lang='lat' dir='ltr'><strong>Verum</strong></span> <span class='ocrx_word' id='word_1_52' title='bbox 1096 1047 1161 1090; x_wconf 89' lang='lat' dir='ltr'><strong>esse</strong></span> <span class='ocrx_word' id='word_1_53' title='bbox 1190 1039 1289 1109; x_wconf 90' lang='lat' dir='ltr'><strong>potest</strong></span> <span class='ocrx_word' id='word_1_54' title='bbox 1317 1031 1396 1110; x_wconf 85' lang='lat' dir='ltr'><strong>quot</strong></span> 
     </span>
     <span class='ocr_line' id='line_1_8' title="bbox 257 1127 1396 1218; baseline -0.004 -21"><span class='ocrx_word' id='word_1_55' title='bbox 257 1135 340 1197; x_wconf 88' lang='lat' dir='ltr'><strong>solus</strong></span> <span class='ocrx_word' id='word_1_56' title='bbox 361 1141 488 1218; x_wconf 85' lang='lat' dir='ltr'><strong>testatur</strong></span> <span class='ocrx_word' id='word_1_57' title='bbox 510 1135 616 1196; x_wconf 72' lang='lat' dir='ltr'><strong>obnr&#39;m&#39;</strong></span> <span class='ocrx_word' id='word_1_58' title='bbox 634 1136 706 1195; x_wconf 80' lang='lat' dir='ltr'><strong>lien.</strong></span> <span class='ocrx_word' id='word_1_59' title='bbox 729 1127 868 1201; x_wconf 83' lang='grc'><strong>111208,</strong></span> <span class='ocrx_word' id='word_1_60' title='bbox 891 1131 969 1209; x_wconf 85' lang='lat' dir='ltr'><strong>quod</strong></span> <span class='ocrx_word' id='word_1_61' title='bbox 992 1133 1088 1211; x_wconf 93' lang='lat' dir='ltr'><strong>potuit</strong></span> <span class='ocrx_word' id='word_1_62' title='bbox 1109 1130 1195 1193; x_wconf 87' lang='lat' dir='ltr'><strong>laeile</strong></span> <span class='ocrx_word' id='word_1_63' title='bbox 1216 1131 1281 1192; x_wconf 87' lang='lat' dir='ltr'><strong>aliis</strong></span> <span class='ocrx_word' id='word_1_64' title='bbox 1303 1132 1396 1194; x_wconf 80' lang='lat' dir='ltr'><strong>rideri</strong></span> 
     </span>
     <span class='ocr_line' id='line_1_9' title="bbox 258 1233 893 1312; baseline -0.003 -14"><span class='ocrx_word' id='word_1_65' title='bbox 258 1239 411 1312; x_wconf 76' lang='lat' dir='ltr'><strong>adnixi,</strong></span> <span class='ocrx_word' id='word_1_66' title='bbox 435 1243 468 1297; x_wconf 92' lang='lat' dir='ltr'><strong>ut</strong></span> <span class='ocrx_word' id='word_1_67' title='bbox 488 1237 519 1298; x_wconf 91' lang='lat' dir='ltr'><strong>in</strong></span> <span class='ocrx_word' id='word_1_68' title='bbox 542 1234 677 1296; x_wconf 81' lang='lat' dir='ltr'><strong>omuibus</strong></span> <span class='ocrx_word' id='word_1_69' title='bbox 699 1233 784 1294; x_wconf 92' lang='lat' dir='ltr'><strong>libris</strong></span> <span class='ocrx_word' id='word_1_70' title='bbox 806 1240 893 1296; x_wconf 81' lang='lat' dir='ltr'><strong>extat.</strong></span> 
     </span>
    </p>

    <p class='ocr_par' dir='ltr' id='par_1_5' title="bbox 256 1334 1400 1823">
     <span class='ocr_line' id='line_1_10' title="bbox 342 1334 1396 1415; baseline 0 -17"><span class='ocrx_word' id='word_1_71' title='bbox 342 1338 399 1398; x_wconf 88' lang='lat' dir='ltr'><strong>Sed</strong></span> <span class='ocrx_word' id='word_1_72' title='bbox 422 1355 482 1398; x_wconf 92' lang='lat' dir='ltr'><strong>uou</strong></span> <span class='ocrx_word' id='word_1_73' title='bbox 505 1336 595 1398; x_wconf 87' lang='lat' dir='ltr'><strong>oredo</strong></span> <span class='ocrx_word' id='word_1_74' title='bbox 618 1338 644 1398; x_wconf 90' lang='lat' dir='ltr'><strong>ei</strong></span> <span class='ocrx_word' id='word_1_75' title='bbox 665 1337 819 1404; x_wconf 79' lang='lat' dir='ltr'><strong>subnixus,</strong></span> <span class='ocrx_word' id='word_1_76' title='bbox 842 1342 874 1396; x_wconf 90' lang='lat' dir='ltr'><strong>ut</strong></span> <span class='ocrx_word' id='word_1_77' title='bbox 896 1335 982 1395; x_wconf 87' lang='lat' dir='ltr'><strong>etiam</strong></span> <span class='ocrx_word' id='word_1_78' title='bbox 999 1334 1130 1396; x_wconf 81' lang='lat' dir='ltr'><strong>inlibris</strong></span> <span class='ocrx_word' id='word_1_79' title='bbox 1145 1337 1264 1415; x_wconf 91' lang='lat' dir='ltr'><strong>optimis</strong></span> <span class='ocrx_word' id='word_1_80' title='bbox 1279 1335 1396 1414; x_wconf 82' lang='lat' dir='ltr'><strong>legitur,</strong></span> 
     </span>
     <span class='ocr_line' id='line_1_11' title="bbox 256 1435 1396 1518; baseline -0.001 -19"><span class='ocrx_word' id='word_1_81' title='bbox 256 1440 328 1500; x_wconf 76' lang='lat' dir='ltr'><strong>beu.</strong></span> <span class='ocrx_word' id='word_1_82' title='bbox 353 1439 407 1501; x_wconf 95' lang='lat' dir='ltr'><strong>llll</strong></span> <span class='ocrx_word' id='word_1_83' title='bbox 427 1435 489 1500; x_wconf 77' lang='grc'><strong>217</strong></span> <span class='ocrx_word' id='word_1_84' title='bbox 513 1446 630 1518; x_wconf 86' lang='lat' dir='ltr'><strong>poetam</strong></span> <span class='ocrx_word' id='word_1_85' title='bbox 652 1435 785 1498; x_wconf 86' lang='lat' dir='ltr'><strong>seribere</strong></span> <span class='ocrx_word' id='word_1_86' title='bbox 807 1435 946 1498; x_wconf 87' lang='lat' dir='ltr'><strong>maluisse</strong></span> <span class='ocrx_word' id='word_1_87' title='bbox 968 1455 1055 1516; x_wconf 84' lang='lat' dir='ltr'><strong>quam</strong></span> <span class='ocrx_word' id='word_1_88' title='bbox 1083 1439 1288 1516; x_wconf 78' lang='lat' dir='ltr'><strong>subnexus,</strong></span> <span class='ocrx_word' id='word_1_89' title='bbox 1318 1438 1396 1517; x_wconf 83' lang='lat' dir='ltr'><strong>quutl</strong></span> 
     </span>
     <span class='ocr_line' id='line_1_12' title="bbox 257 1535 1398 1620; baseline -0.004 -18"><span class='ocrx_word' id='word_1_90' title='bbox 257 1541 366 1603; x_wconf 79' lang='lat' dir='ltr'><strong>Statius</strong></span> <span class='ocrx_word' id='word_1_91' title='bbox 394 1539 540 1620; x_wconf 87' lang='lat' dir='ltr'><strong>probavit.</strong></span> <span class='ocrx_word' id='word_1_92' title='bbox 593 1540 627 1601; x_wconf 89' lang='lat' dir='ltr'><strong>ln</strong></span> <span class='ocrx_word' id='word_1_93' title='bbox 648 1537 825 1618; x_wconf 88' lang='lat' dir='ltr'><strong>interpolato</strong></span> <span class='ocrx_word' id='word_1_94' title='bbox 854 1535 965 1608; x_wconf 81' lang='lat' dir='ltr'><strong>codiee,</strong></span> <span class='ocrx_word' id='word_1_95' title='bbox 997 1537 1098 1614; x_wconf 88' lang='lat' dir='ltr'><strong>quales</strong></span> <span class='ocrx_word' id='word_1_96' title='bbox 1121 1539 1184 1600; x_wconf 88' lang='lat' dir='ltr'><strong>MR</strong></span> <span class='ocrx_word' id='word_1_97' title='bbox 1205 1547 1288 1609; x_wconf 90' lang='lat' dir='ltr'><strong>sunt,</strong></span> <span class='ocrx_word' id='word_1_98' title='bbox 1324 1538 1398 1617; x_wconf 82' lang='lat' dir='ltr'><strong>legit</strong></span> 
     </span>
     <span class='ocr_line' id='line_1_13' title="bbox 258 1637 1394 1717; baseline -0.001 -14"><span class='ocrx_word' id='word_1_99' title='bbox 258 1645 332 1703; x_wconf 76' lang='lat' dir='ltr'><strong>Asu.</strong></span> <span class='ocrx_word' id='word_1_100' title='bbox 355 1643 378 1700; x_wconf 88' lang='lat' dir='ltr'>V</span> <span class='ocrx_word' id='word_1_101' title='bbox 399 1637 463 1703; x_wconf 80' lang='grc'><strong>620</strong></span> <span class='ocrx_word' id='word_1_102' title='bbox 483 1643 652 1716; x_wconf 79' lang='lat' dir='ltr'><strong>contendit,</strong></span> <span class='ocrx_word' id='word_1_103' title='bbox 683 1657 742 1717; x_wconf 92' lang='lat' dir='ltr'><strong>quo</strong></span> <span class='ocrx_word' id='word_1_104' title='bbox 766 1647 795 1700; x_wconf 90' lang='lat' dir='ltr'><strong>et</strong></span> <span class='ocrx_word' id='word_1_105' title='bbox 816 1639 921 1700; x_wconf 87' lang='lat' dir='ltr'><strong>lortius</strong></span> <span class='ocrx_word' id='word_1_106' title='bbox 943 1646 973 1700; x_wconf 90' lang='lat' dir='ltr'><strong>et</strong></span> <span class='ocrx_word' id='word_1_107' title='bbox 994 1648 1062 1700; x_wconf 86' lang='lat' dir='ltr'><strong>aute</strong></span> <span class='ocrx_word' id='word_1_108' title='bbox 1089 1641 1276 1701; x_wconf 80' lang='lat' dir='ltr'><strong>‘ostentans’</strong></span> <span class='ocrx_word' id='word_1_109' title='bbox 1307 1658 1394 1702; x_wconf 86' lang='lat' dir='ltr'><strong>versu</strong></span> 
     </span>
     <span class='ocr_line' id='line_1_14' title="bbox 257 1739 1400 1823; baseline -0.003 -20"><span class='ocrx_word' id='word_1_110' title='bbox 257 1744 392 1823; x_wconf 78' lang='lat' dir='ltr'><strong>sequenti</strong></span> <span class='ocrx_word' id='word_1_111' title='bbox 415 1742 577 1821; x_wconf 85' lang='lat' dir='ltr'><strong>elegantius</strong></span> <span class='ocrx_word' id='word_1_112' title='bbox 599 1741 739 1802; x_wconf 82' lang='lat' dir='ltr'><strong>exhibent</strong></span> <span class='ocrx_word' id='word_1_113' title='bbox 761 1742 880 1820; x_wconf 82' lang='lat' dir='ltr'><em>M2Pyh</em></span> <span class='ocrx_word' id='word_1_114' title='bbox 902 1744 1104 1803; x_wconf 83' lang='lat' dir='ltr'><strong>contorsit.</strong></span> <span class='ocrx_word' id='word_1_115' title='bbox 1154 1740 1240 1802; x_wconf 81' lang='lat' dir='ltr'><strong>Falso</strong></span> <span class='ocrx_word' id='word_1_116' title='bbox 1261 1739 1400 1821; x_wconf 81' lang='lat' dir='ltr'><strong>probarit</strong></span> 
     </span>
    </p>
   </div>
   <div class='ocr_carea' id='block_1_5' title="bbox 127 1840 1397 1923">
    <p class='ocr_par' dir='ltr' id='par_1_6' title="bbox 127 1840 1397 1923">
     <span class='ocr_line' id='line_1_15' title="bbox 127 1840 1397 1923; baseline -0.001 -19"><span class='ocrx_word' id='word_1_117' title='bbox 127 1849 129 1854; x_wconf 83' lang='grc'>’</span> <span class='ocrx_word' id='word_1_118' title='bbox 256 1846 328 1905; x_wconf 75' lang='lat' dir='ltr'><strong>neu.</strong></span> <span class='ocrx_word' id='word_1_119' title='bbox 353 1844 379 1904; x_wconf 98' lang='lat' dir='ltr'><strong>ll</strong></span> <span class='ocrx_word' id='word_1_120' title='bbox 401 1840 443 1905; x_wconf 92' lang='grc'><strong>62</strong></span> <span class='ocrx_word' id='word_1_121' title='bbox 466 1863 532 1905; x_wconf 80' lang='lat' dir='ltr'><strong>oum</strong></span> <span class='ocrx_word' id='word_1_122' title='bbox 555 1845 572 1904; x_wconf 83' lang='lat' dir='ltr'><strong>b</strong></span> <span class='ocrx_word' id='word_1_123' title='bbox 597 1843 644 1923; x_wconf 88' lang='lat' dir='ltr'><strong>(el.</strong></span> <span class='ocrx_word' id='word_1_124' title='bbox 670 1843 762 1921; x_wconf 74' lang='lat' dir='ltr'><strong>Serv.)</strong></span> <span class='ocrx_word' id='word_1_125' title='bbox 786 1844 865 1917; x_wconf 84' lang='lat' dir='ltr'><strong>doto,</strong></span> <span class='ocrx_word' id='word_1_126' title='bbox 890 1861 957 1904; x_wconf 91' lang='lat' dir='ltr'><strong>cum</strong></span> <span class='ocrx_word' id='word_1_127' title='bbox 981 1841 1085 1904; x_wconf 85' lang='lat' dir='ltr'><strong>melior</strong></span> <span class='ocrx_word' id='word_1_128' title='bbox 1106 1841 1194 1903; x_wconf 87' lang='lat' dir='ltr'><strong>leotio</strong></span> <span class='ocrx_word' id='word_1_129' title='bbox 1216 1843 1254 1904; x_wconf 90' lang='lat' dir='ltr'><strong>sit</strong></span> <span class='ocrx_word' id='word_1_130' title='bbox 1282 1845 1397 1904; x_wconf 80' lang='lat' dir='ltr'><strong>dolos.</strong></span> 
     </span>
    </p>
   </div>
   <div class='ocr_carea' id='block_1_6' title="bbox 219 1942 1474 4466">
    <p class='ocr_par' dir='ltr' id='par_1_7' title="bbox 219 1942 1400 2533">
     <span class='ocr_line' id='line_1_16' title="bbox 258 1942 1400 2025; baseline -0.002 -19"><span class='ocrx_word' id='word_1_131' title='bbox 258 1945 300 2006; x_wconf 85' lang='lat' dir='ltr'><strong>Ex</strong></span> <span class='ocrx_word' id='word_1_132' title='bbox 323 1963 369 2025; x_wconf 77' lang='lat' dir='ltr'><strong>ge.</strong></span> <span class='ocrx_word' id='word_1_133' title='bbox 395 1942 532 2007; x_wconf 84' lang='lat'>1111246</span> <span class='ocrx_word' id='word_1_134' title='bbox 555 1947 663 2007; x_wconf 76' lang='lat' dir='ltr'><strong>diuum</strong></span> <span class='ocrx_word' id='word_1_135' title='bbox 686 1943 827 2014; x_wconf 72' lang='lat' dir='ltr'><strong>exhibuit.</strong></span> <span class='ocrx_word' id='word_1_136' title='bbox 851 1944 930 2023; x_wconf 90' lang='lat' dir='ltr'><strong>quod</strong></span> <span class='ocrx_word' id='word_1_137' title='bbox 954 1952 999 2004; x_wconf 87' lang='lat' dir='ltr'><strong>est</strong></span> <span class='ocrx_word' id='word_1_138' title='bbox 1019 1946 1051 2004; x_wconf 91' lang='lat' dir='ltr'><strong>iu</strong></span> <span class='ocrx_word' id='word_1_139' title='bbox 1072 1962 1105 2018; x_wconf 84' lang='lat' dir='ltr'><strong>c,</strong></span> <span class='ocrx_word' id='word_1_140' title='bbox 1136 1962 1203 2005; x_wconf 89' lang='lat' dir='ltr'><strong>eum</strong></span> <span class='ocrx_word' id='word_1_141' title='bbox 1227 1946 1320 2006; x_wconf 88' lang='lat' dir='ltr'><strong>ceteri</strong></span> <span class='ocrx_word' id='word_1_142' title='bbox 1342 1945 1400 2004; x_wconf 83' lang='lat' dir='ltr'><strong>di·</strong></span> 
     </span>
     <span class='ocr_line' id='line_1_17' title="bbox 258 2045 1398 2126; baseline -0.001 -19"><span class='ocrx_word' id='word_1_143' title='bbox 258 2065 339 2109; x_wconf 85' lang='lat' dir='ltr'><strong>rum</strong></span> <span class='ocrx_word' id='word_1_144' title='bbox 361 2049 539 2126; x_wconf 77' lang='lat' dir='ltr'><strong>praeierant.</strong></span> <span class='ocrx_word' id='word_1_145' title='bbox 594 2047 720 2126; x_wconf 78' lang='lat' dir='ltr'><strong>Agnovit</strong></span> <span class='ocrx_word' id='word_1_146' title='bbox 746 2064 811 2106; x_wconf 91' lang='lat' dir='ltr'><strong>oum</strong></span> <span class='ocrx_word' id='word_1_147' title='bbox 841 2046 943 2106; x_wconf 87' lang='lat' dir='ltr'><strong>Servio</strong></span> <span class='ocrx_word' id='word_1_148' title='bbox 976 2047 1158 2124; x_wconf 54' lang='lat' dir='ltr'><strong>et‘Mtyabo</strong></span> <span class='ocrx_word' id='word_1_149' title='bbox 1187 2045 1398 2124; x_wconf 86' lang='lat' dir='ltr'><strong>interpolatum</strong></span> 
     </span>
     <span class='ocr_line' id='line_1_18' title="bbox 257 2144 1400 2232; baseline -0.002 -24"><span class='ocrx_word' id='word_1_150' title='bbox 257 2166 374 2210; x_wconf 87' lang='lat' dir='ltr'><strong>versum</strong></span> <span class='ocrx_word' id='word_1_151' title='bbox 403 2165 449 2228; x_wconf 84' lang='lat' dir='ltr'><strong>ge.</strong></span> <span class='ocrx_word' id='word_1_152' title='bbox 481 2148 506 2209; x_wconf 97' lang='lat' dir='ltr'><strong>ll</strong></span> <span class='ocrx_word' id='word_1_153' title='bbox 537 2144 611 2218; x_wconf 86' lang='grc'><em>129,</em></span> <span class='ocrx_word' id='word_1_154' title='bbox 647 2167 714 2210; x_wconf 89' lang='lat' dir='ltr'><strong>eum</strong></span> <span class='ocrx_word' id='word_1_155' title='bbox 750 2149 814 2228; x_wconf 81' lang='lat' dir='ltr'><strong>Vye</strong></span> <span class='ocrx_word' id='word_1_156' title='bbox 839 2149 1034 2210; x_wconf 80' lang='lat' dir='ltr'><strong>contaminata</strong></span> <span class='ocrx_word' id='word_1_157' title='bbox 1065 2166 1101 2209; x_wconf 82' lang='lat' dir='ltr'><strong>ex</strong></span> <span class='ocrx_word' id='word_1_158' title='bbox 1128 2146 1216 2209; x_wconf 88' lang='lat' dir='ltr'><strong>simili</strong></span> <span class='ocrx_word' id='word_1_159' title='bbox 1244 2146 1311 2232; x_wconf 88' lang='lat' dir='ltr'><strong>loeo</strong></span> <span class='ocrx_word' id='word_1_160' title='bbox 1338 2165 1400 2224; x_wconf 83' lang='lat' dir='ltr'><strong>per</strong></span> 
     </span>
     <span class='ocr_line' id='line_1_19' title="bbox 219 2245 1398 2330; baseline -0.001 -20"><span class='ocrx_word' id='word_1_161' title='bbox 219 2269 226 2288; x_wconf 56' lang='lat'>³</span> <span class='ocrx_word' id='word_1_162' title='bbox 260 2267 356 2312; x_wconf 86' lang='lat' dir='ltr'><strong>annos</strong></span> <span class='ocrx_word' id='word_1_163' title='bbox 377 2267 422 2328; x_wconf 79' lang='lat' dir='ltr'><strong>ge.</strong></span> <span class='ocrx_word' id='word_1_164' title='bbox 450 2249 476 2310; x_wconf 93' lang='lat' dir='ltr'><strong>ll</strong></span> <span class='ocrx_word' id='word_1_165' title='bbox 499 2245 562 2311; x_wconf 83' lang='lat'><strong>294</strong></span> <span class='ocrx_word' id='word_1_166' title='bbox 583 2269 638 2330; x_wconf 88' lang='lat' dir='ltr'><strong>pro</strong></span> <span class='ocrx_word' id='word_1_167' title='bbox 659 2259 821 2326; x_wconf 82' lang='lat' dir='ltr'><strong>nepotes.</strong></span> <span class='ocrx_word' id='word_1_168' title='bbox 857 2249 1025 2311; x_wconf 78' lang='lat' dir='ltr'><strong>Absurdum</strong></span> <span class='ocrx_word' id='word_1_169' title='bbox 1048 2248 1126 2326; x_wconf 89' lang='lat' dir='ltr'><strong>quod</strong></span> <span class='ocrx_word' id='word_1_170' title='bbox 1151 2251 1305 2310; x_wconf 80' lang='lat' dir='ltr'><strong>‘veteres’</strong></span> <span class='ocrx_word' id='word_1_171' title='bbox 1328 2267 1398 2310; x_wconf 89' lang='lat' dir='ltr'><strong>nar·</strong></span> 
     </span>
     <span class='ocr_line' id='line_1_20' title="bbox 259 2347 1399 2431; baseline -0.001 -20"><span class='ocrx_word' id='word_1_172' title='bbox 259 2359 305 2412; x_wconf 87' lang='lat' dir='ltr'><strong>rat</strong></span> <span class='ocrx_word' id='word_1_173' title='bbox 328 2351 467 2412; x_wconf 83' lang='lat' dir='ltr'><strong>‘numina</strong></span> <span class='ocrx_word' id='word_1_174' title='bbox 490 2354 587 2427; x_wconf 89' lang='lat' dir='ltr'><strong>leoa’,</strong></span> <span class='ocrx_word' id='word_1_175' title='bbox 612 2359 643 2413; x_wconf 91' lang='lat' dir='ltr'><strong>ut</strong></span> <span class='ocrx_word' id='word_1_176' title='bbox 665 2369 719 2430; x_wconf 93' lang='lat' dir='ltr'><strong>pro</strong></span> <span class='ocrx_word' id='word_1_177' title='bbox 741 2353 854 2414; x_wconf 86' lang='lat' dir='ltr'><strong>laeuo</strong></span> <span class='ocrx_word' id='word_1_178' title='bbox 875 2368 922 2429; x_wconf 77' lang='lat' dir='ltr'><strong>ge.</strong></span> <span class='ocrx_word' id='word_1_179' title='bbox 946 2351 1001 2411; x_wconf 98' lang='lat' dir='ltr'><strong>llll</strong></span> <span class='ocrx_word' id='word_1_180' title='bbox 1015 2347 1079 2431; x_wconf 81' lang='lat' dir='ltr'><strong>&#39;liu</strong></span> <span class='ocrx_word' id='word_1_181' title='bbox 1095 2370 1116 2428; x_wconf 80' lang='lat' dir='ltr'><em>y</em></span> <span class='ocrx_word' id='word_1_182' title='bbox 1131 2357 1219 2421; x_wconf 81' lang='lat' dir='ltr'><strong>extat,</strong></span> <span class='ocrx_word' id='word_1_183' title='bbox 1242 2349 1399 2412; x_wconf 82' lang='lat' dir='ltr'><strong>elevando</strong></span> 
     </span>
     <span class='ocr_line' id='line_1_21' title="bbox 256 2451 1032 2533; baseline 0.005 -21"><span class='ocrx_word' id='word_1_184' title='bbox 256 2451 314 2512; x_wconf 89' lang='lat' dir='ltr'><strong>diei</strong></span> <span class='ocrx_word' id='word_1_185' title='bbox 337 2454 492 2533; x_wconf 86' lang='lat' dir='ltr'><strong>putavisse.</strong></span> <span class='ocrx_word' id='word_1_186' title='bbox 1027 2501 1032 2508; x_wconf 83' lang='lat'><strong>.</strong></span> 
     </span>
    </p>

    <p class='ocr_par' dir='ltr' id='par_1_8' title="bbox 258 2543 1400 2935">
     <span class='ocr_line' id='line_1_22' title="bbox 341 2543 1400 2634; baseline 0.002 -20"><span class='ocrx_word' id='word_1_187' title='bbox 341 2552 428 2615; x_wconf 89' lang='lat' dir='ltr'><strong>Solus</strong></span> <span class='ocrx_word' id='word_1_188' title='bbox 457 2562 560 2614; x_wconf 85' lang='lat' dir='ltr'><strong>auctor</strong></span> <span class='ocrx_word' id='word_1_189' title='bbox 588 2563 633 2616; x_wconf 89' lang='lat' dir='ltr'><strong>est</strong></span> <span class='ocrx_word' id='word_1_190' title='bbox 662 2561 819 2634; x_wconf 83' lang='lat' dir='ltr'><strong>corruptae</strong></span> <span class='ocrx_word' id='word_1_191' title='bbox 848 2553 984 2615; x_wconf 87' lang='lat' dir='ltr'><strong>lectionis</strong></span> <span class='ocrx_word' id='word_1_192' title='bbox 1018 2543 1207 2630; x_wconf 78' lang='lat' dir='ltr'><strong>tributoeque</strong></span> <span class='ocrx_word' id='word_1_193' title='bbox 1233 2555 1400 2630; x_wconf 78' lang='lat' dir='ltr'><strong>trabaeque</strong></span> 
     </span>
     <span class='ocr_line' id='line_1_23' title="bbox 261 2651 1398 2735; baseline 0.003 -21"><span class='ocrx_word' id='word_1_194' title='bbox 261 2672 308 2732; x_wconf 84' lang='lat' dir='ltr'><strong>ge.</strong></span> <span class='ocrx_word' id='word_1_195' title='bbox 333 2654 345 2715; x_wconf 97' lang='lat' dir='ltr'><strong>l</strong></span> <span class='ocrx_word' id='word_1_196' title='bbox 371 2651 431 2715; x_wconf 87' lang='grc'><strong>164</strong></span> <span class='ocrx_word' id='word_1_197' title='bbox 449 2674 512 2735; x_wconf 88' lang='lat' dir='ltr'><strong>pro</strong></span> <span class='ocrx_word' id='word_1_198' title='bbox 545 2656 763 2732; x_wconf 85' lang='lat' dir='ltr'><strong>tribulaque</strong></span> <span class='ocrx_word' id='word_1_199' title='bbox 794 2657 1041 2732; x_wconf 70' lang='lat' dir='ltr'><strong>traheaeque,</strong></span> <span class='ocrx_word' id='word_1_200' title='bbox 1076 2655 1128 2716; x_wconf 88' lang='lat' dir='ltr'><strong>sed</strong></span> <span class='ocrx_word' id='word_1_201' title='bbox 1155 2657 1190 2716; x_wconf 87' lang='lat' dir='ltr'><strong>el.</strong></span> <span class='ocrx_word' id='word_1_202' title='bbox 1216 2655 1300 2734; x_wconf 76' lang='lat' dir='ltr'><strong>Myr.</strong></span> <span class='ocrx_word' id='word_1_203' title='bbox 1353 2654 1398 2717; x_wconf 85' lang='lat' dir='ltr'><strong>Ex</strong></span> 
     </span>
     <span class='ocr_line' id='line_1_24' title="bbox 261 2753 1399 2836; baseline 0.004 -22"><span class='ocrx_word' id='word_1_204' title='bbox 261 2755 398 2817; x_wconf 85' lang='lat' dir='ltr'><strong>lemmate</strong></span> <span class='ocrx_word' id='word_1_205' title='bbox 414 2755 577 2818; x_wconf 87' lang='lat' dir='ltr'><strong>lllereerius</strong></span> <span class='ocrx_word' id='word_1_206' title='bbox 590 2758 663 2818; x_wconf 78' lang='lat' dir='ltr'><strong>Aen.</strong></span> <span class='ocrx_word' id='word_1_207' title='bbox 679 2756 720 2818; x_wconf 92' lang='lat' dir='ltr'><strong>lll</strong></span> <span class='ocrx_word' id='word_1_208' title='bbox 737 2753 797 2818; x_wconf 89' lang='lat'><strong>180</strong></span> <span class='ocrx_word' id='word_1_209' title='bbox 811 2761 973 2834; x_wconf 72' lang='lat' dir='ltr'><strong>ancipitem</strong></span> <span class='ocrx_word' id='word_1_210' title='bbox 988 2775 1045 2836; x_wconf 87' lang='lat' dir='ltr'><strong>pro</strong></span> <span class='ocrx_word' id='word_1_211' title='bbox 1068 2757 1275 2833; x_wconf 70' lang='lat' dir='ltr'><strong>ambianum</strong></span> <span class='ocrx_word' id='word_1_212' title='bbox 1290 2757 1399 2836; x_wconf 73' lang='lat' dir='ltr'><strong>legisse</strong></span> 
     </span>
     <span class='ocr_line' id='line_1_25' title="bbox 258 2856 584 2935; baseline 0 -18"><span class='ocrx_word' id='word_1_213' title='bbox 258 2856 454 2935; x_wconf 80' lang='lat' dir='ltr'><strong>glossatorem</strong></span> <span class='ocrx_word' id='word_1_214' title='bbox 478 2857 584 2919; x_wconf 78' lang='lat' dir='ltr'><strong>effecit.</strong></span> 
     </span>
    </p>

    <p class='ocr_par' dir='ltr' id='par_1_9' title="bbox 257 2959 1431 3344">
     <span class='ocr_line' id='line_1_26' title="bbox 339 2959 1431 3052; baseline 0 -30"><span class='ocrx_word' id='word_1_215' title='bbox 339 2963 362 3022; x_wconf 82' lang='lat' dir='ltr'><strong>l</strong></span> <span class='ocrx_word' id='word_1_216' title='bbox 385 2961 475 3022; x_wconf 85' lang='lat' dir='ltr'><strong>certis</strong></span> <span class='ocrx_word' id='word_1_217' title='bbox 496 2962 674 3022; x_wconf 87' lang='lat' dir='ltr'><strong>testimoniis</strong></span> <span class='ocrx_word' id='word_1_218' title='bbox 702 2963 862 3022; x_wconf 86' lang='lat' dir='ltr'><strong>transimus</strong></span> <span class='ocrx_word' id='word_1_219' title='bbox 889 2959 924 3021; x_wconf 90' lang='lat' dir='ltr'><strong>ad</strong></span> <span class='ocrx_word' id='word_1_220' title='bbox 955 2967 1069 3022; x_wconf 85' lang='lat' dir='ltr'><strong>ceteras</strong></span> <span class='ocrx_word' id='word_1_221' title='bbox 1098 2961 1261 3040; x_wconf 85' lang='lat' dir='ltr'><strong>scripturas</strong></span> <span class='ocrx_word' id='word_1_222' title='bbox 1288 2963 1398 3040; x_wconf 87' lang='lat' dir='ltr'><strong>partim</strong></span> <span class='ocrx_word' id='word_1_223' title='bbox 1426 3035 1431 3052; x_wconf 26' lang='grc' dir='ltr'>ἱ</span> 
     </span>
     <span class='ocr_line' id='line_1_27' title="bbox 259 3058 1397 3142; baseline 0.004 -22"><span class='ocrx_word' id='word_1_224' title='bbox 259 3064 346 3123; x_wconf 84' lang='lat' dir='ltr'><strong>etiam</strong></span> <span class='ocrx_word' id='word_1_225' title='bbox 369 3061 558 3124; x_wconf 81' lang='lat' dir='ltr'><strong>librariorum</strong></span> <span class='ocrx_word' id='word_1_226' title='bbox 581 3062 766 3142; x_wconf 81' lang='lat' dir='ltr'><strong>neglegentia</strong></span> <span class='ocrx_word' id='word_1_227' title='bbox 791 3061 881 3140; x_wconf 81' lang='lat' dir='ltr'><strong>(velut</strong></span> <span class='ocrx_word' id='word_1_228' title='bbox 902 3079 950 3140; x_wconf 80' lang='lat' dir='ltr'><strong>ge.</strong></span> <span class='ocrx_word' id='word_1_229' title='bbox 973 3059 1063 3124; x_wconf 87' lang='lat'>1183</span> <span class='ocrx_word' id='word_1_230' title='bbox 1090 3061 1144 3122; x_wconf 96' lang='lat' dir='ltr'><strong>llll</strong></span> <span class='ocrx_word' id='word_1_231' title='bbox 1158 3058 1230 3142; x_wconf 85' lang='grc'><em>522)</em></span> <span class='ocrx_word' id='word_1_232' title='bbox 1253 3062 1397 3124; x_wconf 87' lang='lat' dir='ltr'><strong>turbatas.</strong></span> 
     </span>
     <span class='ocr_line' id='line_1_28' title="bbox 260 3161 1401 3244; baseline 0.003 -21"><span class='ocrx_word' id='word_1_233' title='bbox 260 3161 348 3234; x_wconf 82' lang='lat' dir='ltr'><strong>Raro,</strong></span> <span class='ocrx_word' id='word_1_234' title='bbox 372 3161 422 3224; x_wconf 93' lang='lat' dir='ltr'><strong>ubi</strong></span> <span class='ocrx_word' id='word_1_235' title='bbox 445 3162 554 3244; x_wconf 84' lang='lat' dir='ltr'><strong>duplex</strong></span> <span class='ocrx_word' id='word_1_236' title='bbox 576 3165 719 3226; x_wconf 84' lang='lat' dir='ltr'><strong>memoria</strong></span> <span class='ocrx_word' id='word_1_237' title='bbox 743 3171 795 3233; x_wconf 87' lang='lat' dir='ltr'><strong>est,</strong></span> <span class='ocrx_word' id='word_1_238' title='bbox 819 3162 959 3226; x_wconf 91' lang='lat' dir='ltr'><strong>meliores</strong></span> <span class='ocrx_word' id='word_1_239' title='bbox 974 3171 1142 3225; x_wconf 87' lang='lat' dir='ltr'><strong>nostrorum</strong></span> <span class='ocrx_word' id='word_1_240' title='bbox 1159 3162 1292 3226; x_wconf 86' lang='lat' dir='ltr'><strong>codicum</strong></span> <span class='ocrx_word' id='word_1_241' title='bbox 1308 3164 1401 3226; x_wconf 88' lang='lat' dir='ltr'><strong>tradit</strong></span> 
     </span>
     <span class='ocr_line' id='line_1_29' title="bbox 257 3261 483 3344; baseline 0.004 -21"><span class='ocrx_word' id='word_1_242' title='bbox 257 3261 303 3324; x_wconf 87' lang='lat' dir='ltr'><strong>his</strong></span> <span class='ocrx_word' id='word_1_243' title='bbox 326 3264 483 3344; x_wconf 82' lang='lat' dir='ltr'><strong>exemplis:</strong></span> 
     </span>
    </p>

    <p class='ocr_par' dir='ltr' id='par_1_10' title="bbox 253 3362 1474 3762">
     <span class='ocr_line' id='line_1_30' title="bbox 406 3362 1235 3447; baseline 0.002 -20"><span class='ocrx_word' id='word_1_244' title='bbox 406 3365 460 3427; x_wconf 83' lang='lat' dir='ltr'><strong>ecl.</strong></span> <span class='ocrx_word' id='word_1_245' title='bbox 484 3366 538 3426; x_wconf 92' lang='lat' dir='ltr'><strong>llll</strong></span> <span class='ocrx_word' id='word_1_246' title='bbox 560 3362 601 3426; x_wconf 90' lang='grc'><strong>26</strong></span> <span class='ocrx_word' id='word_1_247' title='bbox 628 3371 812 3444; x_wconf 85' lang='lat' dir='ltr'><strong>parentis</strong></span> <span class='ocrx_word' id='word_1_248' title='bbox 833 3368 944 3446; x_wconf 64' lang='lat' dir='ltr'><strong>(pilam</strong></span> <span class='ocrx_word' id='word_1_249' title='bbox 962 3375 1128 3443; x_wconf 83' lang='lat' dir='ltr'><strong>parentum</strong></span> <span class='ocrx_word' id='word_1_250' title='bbox 1150 3368 1235 3447; x_wconf 75' lang='lat' dir='ltr'><strong>oya)</strong></span> 
     </span>
     <span class='ocr_line' id='line_1_31' title="bbox 427 3463 1108 3547; baseline 0.006 -21"><span class='ocrx_word' id='word_1_251' title='bbox 427 3499 440 3512; x_wconf 92' lang='lat'>·</span> <span class='ocrx_word' id='word_1_252' title='bbox 513 3466 536 3526; x_wconf 92' lang='lat' dir='ltr'>V</span> <span class='ocrx_word' id='word_1_253' title='bbox 557 3463 599 3529; x_wconf 84' lang='lat'><strong>80</strong></span> <span class='ocrx_word' id='word_1_254' title='bbox 629 3471 726 3530; x_wconf 86' lang='lat' dir='ltr'><strong>uotis</strong></span> <span class='ocrx_word' id='word_1_255' title='bbox 749 3470 932 3547; x_wconf 80' lang='lat' dir='ltr'><strong>(Plityabc:</strong></span> <span class='ocrx_word' id='word_1_256' title='bbox 954 3473 1016 3531; x_wconf 87' lang='lat' dir='ltr'><strong>auti</strong></span> <span class='ocrx_word' id='word_1_257' title='bbox 1035 3471 1108 3545; x_wconf 69' lang='lat'><em>112).</em></span> 
     </span>
     <span class='ocr_line' id='line_1_32' title="bbox 341 3567 1400 3651; baseline 0.002 -21"><span class='ocrx_word' id='word_1_258' title='bbox 341 3567 432 3630; x_wconf 89' lang='lat' dir='ltr'><strong>llulto</strong></span> <span class='ocrx_word' id='word_1_259' title='bbox 456 3569 575 3648; x_wconf 88' lang='lat' dir='ltr'><strong>saepius</strong></span> <span class='ocrx_word' id='word_1_260' title='bbox 596 3568 743 3648; x_wconf 90' lang='lat' dir='ltr'><strong>adoptavit</strong></span> <span class='ocrx_word' id='word_1_261' title='bbox 765 3571 937 3641; x_wconf 86' lang='lat' dir='ltr'><strong>deteriores,</strong></span> <span class='ocrx_word' id='word_1_262' title='bbox 962 3587 1085 3648; x_wconf 88' lang='lat' dir='ltr'><strong>quarum</strong></span> <span class='ocrx_word' id='word_1_263' title='bbox 1109 3589 1197 3651; x_wconf 90' lang='lat' dir='ltr'><strong>quam</strong></span> <span class='ocrx_word' id='word_1_264' title='bbox 1218 3571 1291 3632; x_wconf 86' lang='lat' dir='ltr'><strong>rarii</strong></span> <span class='ocrx_word' id='word_1_265' title='bbox 1306 3578 1400 3632; x_wconf 87' lang='lat' dir='ltr'><strong>testes</strong></span> 
     </span>
     <span class='ocr_line' id='line_1_33' title="bbox 253 3667 1474 3762; baseline 0.008 -34"><span class='ocrx_word' id='word_1_266' title='bbox 253 3669 314 3728; x_wconf 86' lang='lat' dir='ltr'><strong>siut</strong></span> <span class='ocrx_word' id='word_1_267' title='bbox 336 3667 385 3731; x_wconf 88' lang='lat' dir='ltr'><strong>lris</strong></span> <span class='ocrx_word' id='word_1_268' title='bbox 407 3669 481 3732; x_wconf 89' lang='lat' dir='ltr'><strong>loeis</strong></span> <span class='ocrx_word' id='word_1_269' title='bbox 503 3672 574 3731; x_wconf 86' lang='lat' dir='ltr'><strong>satis</strong></span> <span class='ocrx_word' id='word_1_270' title='bbox 596 3671 762 3751; x_wconf 88' lang='lat' dir='ltr'><strong>apparebit:</strong></span> <span class='ocrx_word' id='word_1_271' title='bbox 1470 3749 1474 3762; x_wconf 26' lang='lat'>=</span> 
     </span>
    </p>

    <p class='ocr_par' dir='ltr' id='par_1_11' title="bbox 295 3773 1399 3941">
     <span class='ocr_line' id='line_1_34' title="bbox 295 3773 1399 3854; baseline 0.005 -23"><span class='ocrx_word' id='word_1_272' title='bbox 295 3796 338 3824; x_wconf 94' lang='lat'><strong><em>=</em></strong></span> <span class='ocrx_word' id='word_1_273' title='bbox 359 3773 469 3846; x_wconf 82' lang='lat' dir='ltr'><strong>FtMt,</strong></span> <span class='ocrx_word' id='word_1_274' title='bbox 494 3773 674 3833; x_wconf 77' lang='lat' dir='ltr'><strong>Arusianus:</strong></span> <span class='ocrx_word' id='word_1_275' title='bbox 703 3776 910 3850; x_wconf 71' lang='lat' dir='ltr'><strong>omnipotentis</strong></span> <span class='ocrx_word' id='word_1_276' title='bbox 932 3793 986 3854; x_wconf 90' lang='lat' dir='ltr'><strong>pro</strong></span> <span class='ocrx_word' id='word_1_277' title='bbox 1009 3777 1282 3851; x_wconf 84' lang='lat' dir='ltr'><strong>omniparentis</strong></span> <span class='ocrx_word' id='word_1_278' title='bbox 1325 3778 1399 3836; x_wconf 77' lang='lat' dir='ltr'><strong>len.</strong></span> 
     </span>
     <span class='ocr_line' id='line_1_35' title="bbox 498 3869 728 3941; baseline 0.022 -9"><span class='ocrx_word' id='word_1_279' title='bbox 498 3872 532 3935; x_wconf 89' lang='lat' dir='ltr'><strong>Vl</strong></span> <span class='ocrx_word' id='word_1_280' title='bbox 553 3869 616 3941; x_wconf 78' lang='lat'><strong>595</strong></span> <span class='ocrx_word' id='word_1_281' title='bbox 724 3889 728 3898; x_wconf 90' lang='grc'><strong>’</strong></span> 
     </span>
    </p>

    <p class='ocr_par' dir='ltr' id='par_1_12' title="bbox 296 3975 1402 4139">
     <span class='ocr_line' id='line_1_36' title="bbox 296 3975 1402 4055; baseline 0.006 -21"><span class='ocrx_word' id='word_1_282' title='bbox 296 4001 339 4028; x_wconf 95' lang='lat'>=</span> <span class='ocrx_word' id='word_1_283' title='bbox 360 3975 573 4055; x_wconf 73' lang='lat' dir='ltr'><strong>F2Mltybeu:</strong></span> <span class='ocrx_word' id='word_1_284' title='bbox 601 3978 790 4054; x_wconf 78' lang='lat' dir='ltr'><strong>iacteturque</strong></span> <span class='ocrx_word' id='word_1_285' title='bbox 810 3978 897 4039; x_wconf 91' lang='lat' dir='ltr'><strong>metri</strong></span> <span class='ocrx_word' id='word_1_286' title='bbox 921 3995 1010 4039; x_wconf 86' lang='lat' dir='ltr'><strong>eausa</strong></span> <span class='ocrx_word' id='word_1_287' title='bbox 1031 3979 1140 4040; x_wconf 86' lang='lat' dir='ltr'><strong>laetum</strong></span> <span class='ocrx_word' id='word_1_288' title='bbox 1170 3996 1206 4038; x_wconf 86' lang='lat' dir='ltr'><strong>ex</strong></span> <span class='ocrx_word' id='word_1_289' title='bbox 1235 3982 1402 4041; x_wconf 82' lang='lat' dir='ltr'><strong>iactetur</strong></span> 
     </span>
     <span class='ocr_line' id='line_1_37' title="bbox 498 4073 690 4139; baseline 0.005 -1"><span class='ocrx_word' id='word_1_290' title='bbox 498 4079 569 4138; x_wconf 78' lang='lat' dir='ltr'><strong>Aen.</strong></span> <span class='ocrx_word' id='word_1_291' title='bbox 593 4073 690 4139; x_wconf 85' lang='lat'><strong>1668</strong></span> 
     </span>
    </p>

    <p class='ocr_par' dir='ltr' id='par_1_13' title="bbox 293 4179 1127 4260">
     <span class='ocr_line' id='line_1_38' title="bbox 293 4179 1127 4260; baseline 0.008 -23"><span class='ocrx_word' id='word_1_292' title='bbox 293 4201 336 4230; x_wconf 94' lang='lat'><strong><em>=</em></strong></span> <span class='ocrx_word' id='word_1_293' title='bbox 356 4179 542 4256; x_wconf 79' lang='lat' dir='ltr'><strong>F2Mliybo:</strong></span> <span class='ocrx_word' id='word_1_294' title='bbox 572 4180 669 4241; x_wconf 86' lang='lat' dir='ltr'><strong>iubeto</strong></span> <span class='ocrx_word' id='word_1_295' title='bbox 689 4199 744 4260; x_wconf 88' lang='lat' dir='ltr'><strong>pro</strong></span> <span class='ocrx_word' id='word_1_296' title='bbox 767 4181 900 4242; x_wconf 85' lang='lat' dir='ltr'><strong>iubebo</strong></span> <span class='ocrx_word' id='word_1_297' title='bbox 931 4199 978 4260; x_wconf 82' lang='lat' dir='ltr'><strong>ge.</strong></span> <span class='ocrx_word' id='word_1_298' title='bbox 1003 4179 1127 4244; x_wconf 82' lang='lat'><strong>111329</strong></span> 
     </span>
    </p>

    <p class='ocr_par' dir='ltr' id='par_1_14' title="bbox 293 4279 1225 4359">
     <span class='ocr_line' id='line_1_39' title="bbox 293 4279 1225 4359; baseline 0.009 -20"><span class='ocrx_word' id='word_1_299' title='bbox 293 4303 337 4332; x_wconf 86' lang='grc'><strong>--·</strong></span> <span class='ocrx_word' id='word_1_300' title='bbox 357 4279 459 4358; x_wconf 82' lang='grc' dir='ltr'><em>ΜΡγ.·</em></span> <span class='ocrx_word' id='word_1_301' title='bbox 481 4282 665 4357; x_wconf 79' lang='lat' dir='ltr'><strong>transadipit</strong></span> <span class='ocrx_word' id='word_1_302' title='bbox 685 4299 741 4359; x_wconf 92' lang='lat' dir='ltr'><strong>pro</strong></span> <span class='ocrx_word' id='word_1_303' title='bbox 763 4285 976 4345; x_wconf 83' lang='lat' dir='ltr'><strong>transabiit</strong></span> <span class='ocrx_word' id='word_1_304' title='bbox 1005 4286 1077 4345; x_wconf 75' lang='lat' dir='ltr'><strong>beu.</strong></span> <span class='ocrx_word' id='word_1_305' title='bbox 1100 4283 1139 4346; x_wconf 87' lang='lat' dir='ltr'><strong>lx</strong></span> <span class='ocrx_word' id='word_1_306' title='bbox 1160 4280 1225 4347; x_wconf 88' lang='grc'><strong>432</strong></span> 
     </span>
    </p>

    <p class='ocr_par' dir='ltr' id='par_1_15' title="bbox 293 4381 1120 4466">
     <span class='ocr_line' id='line_1_40' title="bbox 293 4381 1120 4466; baseline 0.007 -23"><span class='ocrx_word' id='word_1_307' title='bbox 293 4405 336 4436; x_wconf 66' lang='lat' dir='ltr'><strong><em>z</em></strong></span> <span class='ocrx_word' id='word_1_308' title='bbox 360 4381 535 4464; x_wconf 77' lang='lat' dir='ltr'><strong>Mltyocma</strong></span> <span class='ocrx_word' id='word_1_309' title='bbox 556 4385 646 4462; x_wconf 78' lang='lat' dir='ltr'><strong>tonpo</strong></span> <span class='ocrx_word' id='word_1_310' title='bbox 668 4400 722 4466; x_wconf 90' lang='lat' dir='ltr'><strong>pro</strong></span> <span class='ocrx_word' id='word_1_311' title='bbox 744 4387 896 4462; x_wconf 76' lang='lat' dir='ltr'><strong>tonparn</strong></span> <span class='ocrx_word' id='word_1_312' title='bbox 928 4390 999 4450; x_wconf 79' lang='lat' dir='ltr'><strong>Aen.</strong></span> <span class='ocrx_word' id='word_1_313' title='bbox 1024 4384 1037 4448; x_wconf 97' lang='lat' dir='ltr'><strong>l</strong></span> <span class='ocrx_word' id='word_1_314' title='bbox 1060 4381 1120 4450; x_wconf 77' lang='lat'><strong>703</strong></span> 
     </span>
    </p>
   </div>
   <div class='ocr_carea' id='block_1_7' title="bbox 0 0 1486 4906">
    <p class='ocr_par' dir='ltr' id='par_1_16' title="bbox 0 0 1486 4906">
     <span class='ocr_line' id='line_1_41' title="bbox 0 0 1486 4906; baseline 0 0"><span class='ocrx_word' id='word_1_315' title='bbox 0 0 1486 4906; x_wconf 95' lang='lat' dir='ltr'><strong> </strong></span> 
     </span>
    </p>
   </div>
  </div>
 </body>
</html>
