2956 4906
549 339 790 382 rnouueounnn.
1173 315 1234 380 tlt

142 533 185 560 =
208 509 290 587 ilyt,
316 506 353 567 cl.
377 506 515 568 Servius:
540 510 622 568 dedit
643 526 698 586 pro
722 509 839 570 dabat
875 507 947 569 Aen.
970 507 1024 568 llll
1045 504 1108 570 394

141 631 184 662 =
206 611 297 670 Made
318 613 395 671 exiit
416 627 471 689 pro
493 612 611 670 exilit
646 626 691 687 ge.
716 609 741 669 ll
765 605 804 670 81

141 737 183 766 =
204 731 241 790 γ,
271 713 307 774 cl.
332 713 429 786 Mtbc,
466 710 600 772 Servius:
635 713 747 772 mirata
779 719 880 788 estque
912 730 966 792 pro
998 715 1237 787 miraturque

230 835 233 852 2
342 831 396 892 ge:
412 813 439 874 ll
460 809 501 874 82

142 942 185 969 =
207 919 305 994 aaran
328 934 345 976 e
366 919 427 978 leui
446 934 501 995 pro
523 921 558 975 et
579 917 657 976 leui
670 937 672 940 ·
692 933 738 994 ge.
762 912 894 977 111145:
919 917 955 977 cl.
981 915 1110 976 Servius.

184 1018 336 1097 Discrcpat
357 1019 386 1077 in
410 1015 562 1078 laudandis
585 1014 800 1094 Vergiliilocis
823 1024 977 1096 praeterea
1000 1016 1060 1076 his:

142 1118 195 1182 ecl.
221 1119 257 1180 lll
302 1117 343 1180 52
360 1114 536 1200 puerum]
562 1123 666 1194 tempos
688 1137 723 1180 ex
747 1137 831 1180 versu
855 1117 1056 1180 antecedente.

161 1239 207 1300 gc.
252 1223 264 1283 l
288 1218 348 1284 186
372 1230 481 1296 atque
503 1223 614 1297 inopi
632 1215 812 1303 metuens]
837 1229 1027 1296 metuensque
1048 1223 1134 1296 inopi

177 1357 188 1370 ·
223 1320 348 1398 411351
373 1316 493 1402 redit]
519 1325 633 1398 iacet,
659 1322 811 1384 sedidem
835 1321 891 1383 alio
914 1321 979 1384 loco
1002 1329 1082 1383 recte
1103 1323 1192 1383 redit.

177 1461 189 1472 ·
240 1459 253 1472 ·
288 1422 348 1487 381
373 1419 629 1507 talis]auinet

117 1529 188 1589 Aen.
212 1528 266 1588 llll
311 1523 352 1590 84
374 1521 506 1609 auras]
532 1543 642 1601 amnes,
668 1544 726 1587 non
750 1526 834 1588 male.
1109 1601 1114 1608 .

182 1632 302 1692 lucani
322 1626 480 1691 scholiasta
503 1629 620 1690 novisse
644 1628 758 1690 videtur
787 1628 935 1709 duplicem
965 1631 1140 1708 scripturam
1164 1629 1234 1688 den.

96 1732 134 1794 lll
159 1728 221 1793 268
250 1734 435 1792 deuictam
459 1731 581 1793 Asiam
610 1739 639 1790 et
661 1732 778 1793 deuicta
799 1732 890 1792 Asia:
921 1748 987 1791 uani
1011 1750 1068 1811 qua
1091 1729 1236 1808 significa·

99 1835 189 1895 tionis
211 1811 376 1895 dillerentia
399 1831 554 1895 subsidere
576 1851 642 1894 cum
666 1834 832 1894 accusativo
861 1833 905 1894 vel
928 1851 993 1893 cum
1018 1831 1142 1893 ablativo
1165 1849 1235 1891 con·

95 1939 235 2015 iungatur
265 1921 369 1996 eodem
399 1937 458 2014 quo
481 1934 602 1995 Servius
629 1932 718 1995 modo
741 1933 876 2004 adnotat,
909 1935 987 1996 unde
1017 1941 1116 1994 tamen
1140 1939 1236 1994 utram
1313 2005 1315 2010 ,
1368 1993 1374 1998 .

97 2040 163 2118 ipse
185 2036 360 2118 praetulerit
382 2054 440 2097 non
464 2043 595 2116 apparet.

181 2140 246 2201 Non
269 2137 455 2219 improbabile
478 2144 572 2226 essem
601 2140 625 2200 si
648 2138 818 2200 testimonio
846 2141 991 2200 niteretur
1025 2136 1105 2214 quod
1132 2139 1162 2198 in
1186 2135 1236 2220 his

96 2241 216 2303 scholiis
243 2241 366 2320 legimus
399 2244 545 2302 incertum
573 2243 667 2303 iuuae
692 2243 765 2302 Aen.
790 2241 826 2301 Vl
848 2237 925 2301 270:
957 2247 987 2300 et
1014 2239 1129 2300 videtur
1158 2237 1235 2315 quod
1285 2227 1295 2246 '

96 2352 155 2404 m.t
177 2346 207 2404 in
231 2346 261 2404 F
280 2345 422 2421 scriptum
446 2349 491 2403 est
513 2341 704 2403 incendunt
728 2342 833 2404 eodem
856 2349 1001 2422 spectaro.

182 2445 356 2524 interpretis
388 2463 453 2506 esse
486 2446 558 2506 Aen.
582 2446 604 2504 V
636 2441 697 2506 154
729 2449 893 2508 certamine
925 2463 979 2524 pro
1013 2444 1236 2504 discrimine

98 2547 219 2607 Servius
242 2547 336 2607 (locet.
376 2545 427 2606 Vel
449 2548 621 2608 memoriter
644 2546 756 2626 prolata
779 2546 824 2608 vel
846 2544 1074 2626 interpolatione
1097 2550 1236 2622 corrupta

95 2647 182 2709 haec:
206 2667 250 2727 ge.
275 2649 288 2708 l
314 2643 375 2708 467
400 2649 557 2709 obscurum
582 2649 670 2711 Titan
692 2669 748 2730 pro
771 2651 933 2711 obscura
955 2650 1131 2720 uitiatum,
1162 2648 1233 2707 Aen.

95 2750 108 2811 l
133 2745 193 2811 747
214 2753 353 2827 plausum
375 2767 430 2828 pro
447 2753 605 2828 plausu;
629 2751 668 2813 lll
689 2748 753 2813 383
774 2771 844 2814 sera
866 2769 921 2830 pro
943 2753 1066 2826 loupa.

185 2852 323 2913 Ceterum
347 2852 498 2929 conspirat
512 2858 611 2912 textus
627 2852 801 2915 scholiastae
823 2871 888 2914 cum
905 2859 1075 2914 nostrorum
1092 2849 1235 2912 librorum

94 2961 179 3034 parte
201 2955 231 3015 in
254 2952 453 3014 deterioribus
475 2951 652 3015 lectionibus
675 2954 735 3016 his:

246 3081 289 3108 =
311 3057 380 3116 Mt:
403 3062 457 3116 aut
478 3065 596 3134 proffat
630 3073 676 3134 ge.
700 3053 797 3118 1430

311 3157 348 3218 ci.
377 3159 406 3219 Ii
427 3157 462 3218 ad
485 3153 563 3218 434:
586 3160 702 3219 carebit
723 3177 779 3237 pro
801 3160 987 3220 carebunt
1020 3174 1065 3236 ge.
1081 3151 1172 3216 1435
1232 3225 1236 3232 ¹

245 3281 288 3312 =
308 3266 364 3336 οἰχ
382 3267 569 3336 praeruptus
590 3279 645 3339 pro
664 3255 901 3337 praereptus
922 3263 994 3320 Aen.
1011 3257 1063 3319 llll
1077 3253 1140 3319 516

245 3387 288 3414 --
309 3379 345 3439 x:
367 3362 471 3422 domus
493 3381 547 3441 pro
569 3380 698 3424 mamus
734 3366 806 3424 len.
829 3362 869 3424 Xl
891 3358 963 3423 259.
1171 3361 1176 3366 ’

181 3463 247 3524 Uno
281 3461 346 3522 loco
379 3464 541 3524 scholiasta
568 3465 723 3526 quenalis
755 3465 887 3544 agnoscit
921 3479 1008 3543 qrram
1036 3460 1236 3539 Philargyrius
1303 3491 1304 3494 ¹

70 3559 72 3562 ’
93 3565 243 3644 antiquam
261 3565 462 3625 coniecturam
479 3583 545 3626 esse
560 3554 685 3628 testetur
703 3581 884 3645 pernoxge.
901 3560 1027 3632 111230‚
1051 3581 1118 3623 cum
1143 3563 1235 3622 nostri

92 3665 163 3727 libri
188 3684 292 3726 omnes
314 3667 378 3726 iere
401 3685 468 3728 eum
491 3667 585 3728 Nouio
608 3675 638 3729 et
659 3669 761 3729 Servio
781 3667 1131 3746 perniuretinuerint.
1162 3665 1234 3725 Cum

93 3767 229 3828 Romano
253 3770 280 3827 ei
303 3769 442 3828 convenit
471 3767 507 3828 de
537 3769 692 3848 magistelli
721 3772 823 3831 nescio
851 3771 935 3830 cuius
968 3776 1152 3835 commento,
1186 3766 1235 3845 qtri

94 3871 166 3930 Aen.
191 3868 228 3929 Vl
250 3865 313 3930 824
335 3869 448 3931 Brutos
470 3873 589 3948 scripsit
610 3890 665 3951 pro
688 3875 836 3935 Drusus.

177 3971 318 4032 llemoria
346 3971 471 4032 fortasse
500 3971 591 4036 lelsus
612 3992 735 4052 pessum
758 3974 839 4035 dedit
871 3971 1028 4033 scribendo
1052 3969 1105 4032 ecl.
1136 3965 1235 4029 v144

91 4075 239 4133 reclamat
261 4091 316 4151 pro
344 4083 516 4152 sanaret,
549 4077 622 4136 den.
646 4075 672 4136 ll
692 4071 754 4137 507
788 4077 912 4151 relapsa
944 4093 1000 4154 pro
1033 4073 1234 4139 conuolsa,
1339 4117 1343 4120 .

91 4174 149 4234 nisi
171 4175 248 4236 lorte
271 4173 344 4235 hacc
367 4193 486 4256 quoque
509 4178 538 4238 in
562 4176 663 4238 codice
686 4177 865 4256 interpolato
887 4184 1048 4256 repererat.

510 4365 810 4374 ——-.
