3038 4912
571 359 817 406 vnoueuoucuu.
1227 337 1267 404 73

123 531 162 595 ab
194 533 260 612 ipso
291 539 380 611 poeta
414 538 485 610 puto
520 539 634 601 ortum,
664 530 715 592 sed
740 529 880 592 secundis
908 528 989 590 curis
1017 545 1042 588 v.
1067 523 1131 590 344
1163 529 1267 607 eisque

120 651 197 712 (puae
219 640 361 695 secuntur
383 631 596 702 oblitteratum,
619 632 656 694 ab
679 633 842 696 editoribus
864 639 962 694 autom
984 648 1144 711 perperam
1162 649 1263 692 serva·
1321 627 1330 635 ’

121 745 187 798 tunr
210 735 342 816 ialsoquc
365 733 430 796 loce
454 733 577 798 inlatum
602 753 677 797 esse.
722 735 761 796 Ut
783 736 939 797 turbarum
961 734 990 794 in
1017 732 1137 795 schedis
1158 741 1265 813 poetae

123 837 294 900 relictarum
318 835 367 898 hic
389 853 510 918 quoqne
530 836 694 900 versiculus
716 835 825 900 indicio
848 839 895 900 sit.

207 973 345 1035 Ceterum
368 953 508 1054 queniam
531 992 647 1054 pannos
669 974 705 1036 ad
728 995 753 1035 v.
777 971 838 1036 661
863 971 1043 1054 explendum
1066 971 1111 1033 vel
1134 972 1265 1034 151515-

122 1079 218 1138 tinum
241 1076 373 1137 codicem
397 1075 556 1138 translatus
579 1083 634 1146 est,
658 1076 847 1156 vigilandum,
872 1073 1012 1137 numella
1029 1092 1147 1153 quoquc
1163 1074 1199 1136 ab
1222 1077 1266 1136 in-

123 1177 369 1258 terpolatoribus,
406 1196 480 1257 qnos
508 1186 624 1240 constat
649 1180 680 1239 in
708 1179 765 1240 hoo
786 1197 897 1258 genere
919 1177 1028 1239 multos
1057 1175 1265 1247 elaboravisso,

123 1279 260 1360 suppleta
282 1282 342 1341 sint
362 1280 557 1342 hemistichia.
602 1282 644 1342 he
664 1279 770 1342 similis
799 1281 935 1342 licentiae
963 1279 1132 1360 exemplum
1161 1281 1267 1358 agnovi

123 1403 148 1443 v.
176 1379 249 1445 135:
279 1384 387 1444 merito
411 1385 490 1444 enim
513 1390 542 1442 51
564 1383 744 1461 Wagnerum
769 1392 798 1444 et
819 1381 1046 1462 Peerlkampum
1076 1381 1268 1442 offenderunt

123 1487 206 1545 ‘iere
228 1486 307 1545 sicce
330 1484 492 1547 subductae
515 1487 544 1546 in
567 1483 654 1546 litere
678 1488 826 1566 puppes',
855 1491 1013 1565 postquam
1042 1483 1147 1545 urbem
1178 1485 1267 1545 oliam

123 1605 230 1648 novam
245 1589 358 1648 Aeneas
374 1587 564 1665 Pergarneanr
581 1586 702 1649 molitus
725 1597 778 1656 est,
802 1587 934 1664 dumque
956 1589 987 1647 in
1011 1605 1046 1646 eo
1070 1594 1115 1646 551
1138 1592 1171 1647 51
1192 1587 1267 1646 ‘iura

122 1689 303 1769 domosque’
327 1689 376 1749 det
398 1686 519 1750 civibus.
551 1689 625 1750 Nam
648 1688 727 1767 qnod
743 1689 875 1750 Conrads
897 1687 1015 1769 pulv,
1039 1686 1089 1750 illa
1111 1696 1144 1748 ut
1166 1687 1267 1748 delen·

123 1791 223 1861 deret,
253 1793 389 1871 ‘iamque
412 1792 493 1851 lcre’
521 1791 557 1851 ad
581 1792 635 1852 tria
659 1792 771 1870 pariter
794 1790 857 1852 cola
879 1789 1071 1852 referendum
1094 1808 1160 1850 esse
1183 1790 1267 1859 dixit,

123 1892 299 1974 probarem,
335 1893 391 1953 nisi
419 1893 477 1952 iarn
508 1912 598 1972 snpra
621 1913 646 1952 v.
672 1889 733 1955 132
755 1911 821 1974 sqq.
845 1893 949 1954 urbem
972 1891 1119 1953 acdillcari
1144 1891 1267 1970 legisse-

123 2014 198 2065 mus,
223 2003 257 2055 51
279 1995 438 2056 subductas
460 1995 546 2056 litore
569 2013 686 2074 puppes
709 2015 775 2056 esso
798 2013 853 2074 per
876 2013 907 2055 se
923 1993 1121 2072 intellegatur.
1147 1995 1266 2055 Servari

123 2097 251 2177 Vergilio
273 2115 349 2178 qnae
377 2105 501 2178 propter
530 2104 704 2178 sequentem
728 2117 753 2157 v.
780 2095 839 2158 137
869 2096 1002 2158 voculam
1031 2081 1135 2157 ‘cnm‘
1163 2115 1268 2156 neccs-

124 2201 201 2262 saria
224 2207 294 2260 sunt
321 2201 457 2276 ‘iamque
486 2199 584 2260 lero’:
621 2218 688 2260 nam
715 2197 764 2260 illa
794 2203 972 2276 ‘arcemque
1001 2196 1135 2260 attollere
1164 2197 1268 2258 dietis’

125 2299 206 2381 (134)
231 2299 337 2362 51136
360 2301 555 2362 calumniatus
579 2309 624 2362 est
639 2300 863 2380 Peerlkampus
888 2302 938 2380 qui
961 2300 1131 2362 lucillinrunr
1147 2317 1268 2378 zeugma

124 2415 153 2465 51
175 2401 349 2464 sollemnem
373 2403 502 2484 antiquis
524 2423 592 2464 curn
616 2401 751 2465 conubiis
773 2422 911 2465 arvorum
935 2401 1045 2464 cultum
1070 2401 1268 2484 componendi

124 2504 370 2566 consuetudinem
394 2504 441 2567 hic
464 2503 594 2566 noluerit
615 2503 753 2567 tolerare.

208 2639 331 2701 Versum
357 2638 416 2703 153
440 2643 486 2702 ‘in
510 2641 611 2702 multis
633 2659 692 2703 nen
716 2643 869 2712 inveniri',
893 2642 946 2704 sed
971 2649 1066 2702 tamen
1090 2641 1268 2702 ‘admodum

124 2745 345 2804 necessarium'
379 2762 447 2805 esse
480 2743 630 2807 adnotavit
656 2743 784 2806 Servius.
836 2745 1009 2806 Necessaria
1042 2763 1108 2805 csse
1136 2744 1268 2806 concedo

124 2844 212 2905 verba
236 2848 317 2906 ‘tum
340 2845 383 2906 sic
403 2844 525 2916 adlari';
551 2865 588 2907 ne
611 2849 764 2923 sequentia
780 2847 898 2928 quidem
922 2848 969 2906 ‘el
984 2864 1070 2907 curas
1087 2844 1131 2906 his
1147 2845 1268 2907 demere

123 2947 226 3008 dictis’
250 2947 431 3026 reprehendi
453 2956 593 3027 possunt,
624 2948 772 3026 siqnidem
799 2948 830 3009 id
857 2958 949 3030 agunt
971 2967 1043 3010 sanc
1066 2954 1204 3028 penates,
1235 2955 1268 3008 51

123 3051 303 3110 cendrnrcnt
324 3051 455 3110 animum
477 3053 612 3114 Aeneae:
648 3050 749 3111 dicunt
781 3051 908 3112 enimv.
935 3048 995 3113 169
1030 3055 1138 3126 ‘surge
1161 3068 1214 3128 age
1238 3059 1267 3111 51

124 3152 197 3212 haec
220 3155 318 3213 laetus
345 3151 490 3230 longaevo
523 3151 601 3213 dicta
634 3152 752 3232 parenti
787 3153 864 3213 haud
897 3153 1059 3215 dubitanda
1092 3154 1205 3220 rcier';
1241 3157 1269 3211 el

123 3254 277 3334 ‘perlecto
300 3252 394 3314 laetus
416 3255 547 3316 honore'
571 3274 596 3314 v.
616 3251 676 3315 178
698 3254 846 3316 Anchisen
869 3255 905 3315 de
928 3258 1043 3318 somnio
1059 3263 1173 3316 ccrtum
1189 3255 1267 3316 lacit.

124 3357 165 3416 bc
188 3356 339 3436 ‘demptae
363 3358 469 3416 curae'
493 3364 562 3417 sunt
585 3376 620 3417 55
643 3355 722 3434 quod
746 3357 853 3434 ‘quem
875 3357 962 3418 iessis
984 3360 1072 3419 sanem
1089 3357 1178 3418 rebus
1194 3357 1270 3417 ierat

126 3457 298 3537 (l’lroebus),
328 3457 407 3518 unde
430 3456 565 3519 laborum
589 3465 736 3538 temptare
759 3456 898 3519 auxilium
927 3459 1041 3530 iubeat,
1071 3477 1128 3538 quo
1151 3465 1295 3520 vertere*

124 3561 250 3620 cursus'
275 3559 397 3620 edoctus
420 3566 473 3620 est.
523 3559 707 3638 Quamquam
730 3579 833 3622 verum
857 3570 902 3622 est
924 3561 1031 3624 multas
1054 3563 1141 3623 etiam
1165 3579 1267 3640 sopor·

125 3661 217 3721 inisse
240 3680 337 3731 curas,
362 3660 487 3722 multum
511 3660 621 3722 laboris
644 3670 673 3722 et
695 3662 898 3742 periculorum
922 3664 1139 3725 exantlandum.
1184 3663 1268 3735 Quod

125 3764 176 3840 qui
198 3781 300 3824 secum
324 3764 480 3842 reputavit,
504 3765 564 3824 sivo
586 3765 651 3841 ipse
673 3771 759 3843 poeta
790 3767 844 3826 1511
872 3768 932 3828 sive
960 3767 1185 3846 grammaticus,
1209 3766 1269 3826 lor·

126 3871 205 3924 tasse
229 3862 335 3923 adduci
358 3866 462 3944 potuit,
486 3872 517 3925 ut
533 3864 626 3926 altero
642 3865 829 3928 lremistichio
847 3867 1023 3930 versiculum
1040 3887 1143 3930 carere
1158 3865 1267 3928 mallet.

124 3966 169 4025 An
193 3966 342 4044 integrum
368 3963 428 4028 153
450 3966 598 4045 Vergilius
620 3969 649 4028 in
673 3967 791 4030 schedis
813 3968 978 4038 induxerat,
1003 3969 1092 4031 alium
1114 3978 1217 4050 postea
1239 3970 1269 4029 in

126 4047 191 4126 eius
213 4065 311 4128 locum
335 4068 569 4130 substituturus?

211 4204 336 4266 Versum
355 4202 414 4267 157
431 4205 512 4284 quod
527 4206 673 4268 ‘variasse
689 4207 764 4268 dici’
780 4208 900 4268 Servius
915 4208 1065 4271 adnotavit
1079 4227 1138 4289 quo
1155 4217 1270 4289 spectet

124 4305 236 4365 nescio.
287 4304 345 4367 Sed
373 4306 602 4388 dittograplriam
634 4309 812 4371 hemistichii
835 4310 871 4371 ad
899 4307 1110 4372 5226111515
1134 4311 1267 4373 exhibet:

123 4406 360 4468 circumductum
390 4410 468 4470 enim
501 4409 558 4471 hoc
590 4413 750 4476 ‘resonant
777 4413 891 4491 magnis
921 4412 1100 4478 stridoribus
1123 4412 1202 4478 alae'
1237 4415 1269 4474 15
