3038 4912
570 352 813 398 ruouueouuue.
1205 337 1265 403 133

119 521 185 583 coll.
216 521 309 603 Sere.)
337 529 457 584 torrens
478 515 512 584 ⁴et
537 529 712 586 montanum
739 523 850 585 llumen
880 524 982 606 (schol.
1006 524 1113 587 Veron.
1135 529 1208 589 den.
1231 528 1256 590 ll

119 622 182 688 305
204 623 271 687 coll.
295 624 378 686 Serv.
409 631 440 697 et
459 627 547 705 Aspri
569 631 683 702 quaest.
710 643 739 705 p.
765 623 835 696 112,
861 623 898 688 11
922 627 968 702 Κ.)
990 629 1133 690 sublustri
1154 629 1255 707 (schol.

120 726 227 788 Veron.
250 728 323 788 Aen.
347 725 386 787 tx
407 723 470 788 373
493 725 560 788 coll.
576 727 668 807 Serv.)
692 731 837 804 quianam
861 727 896 807 (v.
913 728 1013 808 supra)
1036 732 1075 791 ite
1098 740 1129 791 ut
1153 733 1209 792 vim
1236 741 1265 794 et

121 847 205 890 usum
222 837 251 889 et
266 829 410 907 originem
426 829 512 890 docte
527 827 698 891 illustraret.
727 829 823 891 Minus
834 831 1020 910 probandum
1042 832 1120 912 quod
1135 835 1208 894 Aen.
1226 834 1264 894 tx

119 927 182 993 418
208 949 270 1007 per
296 937 410 1008 tempus
438 927 597 1008 utrumque
623 931 702 992 idem
731 950 797 1014 esse
826 931 918 994 voluit
945 933 1023 1011 quod
1055 936 1136 995 inter
1159 935 1263 1022 (Serv,

121 1033 173 1112 qui
207 1032 243 1094 ad
276 1032 349 1094 alios
376 1050 492 1114 quoquc
520 1032 602 1095 locos
630 1034 684 1096 llll
711 1029 762 1096 56.
786 1031 848 1096 663
891 1032 1005 1096 v1130
1043 1034 1105 1096 Vlll
1129 1033 1189 1098 107
1225 1036 1263 1098 lX

120 1131 183 1196 556
206 1134 330 1196 eandem
352 1137 499 1197 rationem
522 1135 676 1215 adhibuit).
701 1135 870 1216 Simplicius
887 1135 1043 1217 explicavit
1065 1155 1124 1214 quo
1138 1156 1263 1200 murm

121 1236 300 1298 locutionem
323 1255 369 1316 ga.
392 1237 444 1298 llll
465 1233 529 1300 520
550 1237 700 1316 (Plvilerg.)
723 1237 779 1298 ‘ob
802 1255 890 1316 quam
912 1243 1014 1304 rem':
1040 1239 1112 1302 ‘uon
1134 1243 1263 1302 nullius’

120 1357 181 1400 uon
203 1339 276 1400 levis
298 1341 428 1402 numinis
458 1342 532 1402 iram
560 1342 775 1418 interpretatus
804 1347 849 1400 est
870 1358 917 1419 ge.
941 1335 1077 1402 1171453
1101 1340 1259 1420 (Philargd
1301 1417 1306 1426 ⁸

120 1440 283 1510 lllo,versu
305 1440 499 1521 ‘semiputata
522 1443 576 1503 tibi
598 1441 737 1503 frondosa
761 1443 826 1502 vitis
848 1443 878 1502 in
901 1441 983 1503 ulmo
1006 1445 1067 1502 est'
1090 1441 1144 1504 ecl.
1162 1442 1188 1503 ll
1209 1439 1260 1512 69,

119 1545 149 1604 in
173 1561 232 1622 queo
255 1543 395 1605 exultavit
418 1552 550 1606 veterum
573 1551 838 1605 commentatorum
861 1542 1047 1624 quorundam
1070 1547 1259 1623 perversitas,

120 1647 284 1707 rectissime
307 1647 402 1706 sensit
422 1644 496 1706 nihil
518 1647 576 1706 nisi
598 1631 815 1724 neglegentiam
837 1645 1028 1724 reprehendi,
1052 1648 1139 1723 ‘quin
1161 1648 1260 1707 stetim

119 1755 186 1827 post
207 1747 384 1809 vindemiam
406 1755 510 1826 putent
533 1749 624 1808 vites'
648 1746 786 1829 (Philarg.
811 1746 877 1808 coll.
903 1747 1007 1827 Seru).

204 1849 265 1912 Nec
287 1851 403 1912 transiit
425 1847 600 1928 explicando
616 1850 661 1911 vel
677 1841 823 1911 faciliora:
845 1852 982 1924 geminos
1003 1853 1085 1910 ecies
1108 1849 1145 1916 de
1168 1850 1262 1911 oeulis

119 1951 176 2012 dici
200 1952 290 2030 (Serv.
314 1954 387 2014 Aen.
411 1951 448 2011 Vl
470 1948 532 2012 789
560 1952 598 2012 ci.
623 1950 659 2013 ad
682 1948 780 2030 1730)
805 1950 971 2022 adnotavit,
1001 1952 1168 2029 inprudens
1188 1953 1259 2012 den.

118 2052 157 2114 tx
185 2050 249 2115 386
277 2071 336 2132 quo
365 2061 514 2132 spectaret
542 2055 687 2132 quaesivit
716 2052 820 2134 (schol.
846 2053 952 2114 Veron.
987 2051 1055 2113 coll.
1079 2052 1189 2133 Serv.);
1225 2072 1261 2113 ex

120 2155 213 2216 trihus
235 2173 308 2235 quas
334 2157 490 2237 proposuit
517 2153 599 2216 verbi
626 2158 748 2217 sedebat
768 2155 840 2215 Aen.
866 2155 902 2216 tx
925 2152 946 2216 4
975 2154 1144 2216 notionibus
1173 2155 1262 2234 elegit

118 2259 299 2337 aptissimam
322 2276 446 2338 eamque
470 2255 717 2337 simplicissimum
741 2256 888 2338 (Serviunt
912 2259 948 2318 cl.
972 2257 1051 2318 idern
1074 2256 1110 2317 ad
1133 2254 1208 2319 756
1231 2266 1261 2318 et

119 2359 231 2422 Nonius
252 2376 281 2438 p.
302 2357 374 2430 404,
398 2357 466 2437 21);
491 2359 697 2421 benedixisse
721 2367 838 2439 poetam
861 2377 907 2437 ge.
930 2355 1062 2421 1111238
1085 2362 1261 2435 animasque

118 2465 149 2522 in
170 2465 294 2523 uulnere
315 2468 453 2539 ponunt,
482 2480 541 2522 non
570 2465 602 2524 in
623 2465 750 2530 uulnera
777 2469 827 2523 aut
854 2464 886 2521 iu
907 2464 1019 2524 ouium
1038 2459 1258 2531 demonstravit,

118 2581 295 2644 quamquam
318 2564 408 2626 verba
431 2566 495 2644 ipsa
517 2565 700 2643 grammatici
729 2566 758 2625 in
787 2562 909 2626 scholiis
931 2563 1134 2625 Berneusihus
1156 2563 1257 2625 admo·

117 2666 188 2728 dum
212 2666 328 2728 turbata
350 2673 427 2728 sunt.

201 2768 310 2830 Verum
333 2777 363 2830 et
384 2767 581 2832 reconditiora
604 2789 639 2831 ex
663 2771 844 2831 Graecorum
872 2769 956 2847 poesi
984 2775 1124 2848 repetens
1153 2785 1207 2828 cur
1230 2775 1260 2828 et

117 2887 176 2948 quo
198 2877 320 2932 auctore
347 2875 470 2933 nomina
501 2875 582 2933 mille
625 2872 730 2932 Furiae
761 2870 1026 2933 tribuanturdcn.
1051 2867 1258 2931 71133730-

117 2974 177 3033 cuit
200 2971 313 3051 (Serv).
359 2973 544 3052 logeniosius
568 2991 655 3051 quam
684 2973 783 3034 verius
811 2981 980 3051 comparata
1002 2972 1134 3032 Enniana
1165 2978 1257 3031 mete·

116 3073 209 3152 phora
244 3075 402 3138 ‘succincti
425 3076 514 3137 corda
547 3074 728 3137 machaeris’
751 3074 919 3138 Pandarum
948 3081 977 3134 et
1004 3073 1099 3134 Bitian
1127 3081 1259 3134 armatos

113 3176 203 3250 serra
226 3177 305 3256 (Aen.
331 3177 369 3238 lX
391 3174 462 3255 678)
486 3177 631 3239 intellexit
652 3178 768 3238 ‘terrea
798 3175 888 3236 corda
916 3174 1095 3236 habentes’:
1130 3175 1259 3236 sortasse

117 3282 185 3356 quia
206 3281 328 3359 proprie
350 3287 472 3360 accepta
493 3282 595 3341 neseio
619 3278 688 3357 quid
710 3277 851 3356 languere
875 3279 967 3338 sensit
988 3284 1094 3357 poetae
1115 3276 1213 3337 verba.

201 3380 308 3442 Suhtill
331 3389 419 3459 atque
441 3381 567 3460 eleganti
591 3400 681 3442 sensu
704 3375 798 3441 artem
821 3386 927 3461 poetae
954 3379 1098 3458 indagans
1126 3377 1258 3439 animad-

116 3483 203 3542 vertit
224 3501 280 3545 uec
301 3482 414 3545 Allecto
437 3501 493 3545 nee
516 3484 692 3564 Cupidinem
716 3501 772 3544 uec
788 3483 978 3552 Mercurium,
1001 3479 1053 3542 uhi
1073 3483 1153 3542 iussa
1176 3481 1258 3541 lesti-

116 3591 196 3653 uent,
226 3584 323 3646 verbis
345 3586 530 3665 respondere
559 3588 585 3647 ei
617 3588 667 3666 qui
694 3587 822 3647 iusserat
854 3582 958 3662 (schol.
983 3582 1091 3644 Veron.
1113 3585 1184 3644 Aen.
1210 3583 1256 3643 Vll

115 3669 175 3745 341'
200 3684 266 3746 coll.
290 3688 392 3748 Servio
416 3688 452 3748 ad
475 3685 597 3769 1689),
621 3688 762 3750 adversus
785 3687 948 3749 Cornutum
971 3693 1070 3748 autem
1093 3685 1257 3746 defendens

115 3790 185 3848 den.
210 3787 248 3848 lll
270 3785 331 3850 691
355 3787 399 3849 vel
423 3788 459 3849 ah
481 3791 580 3850 Aenea
602 3789 688 3852 hoste
710 3791 864 3865 infelicem
887 3789 1000 3851 Vlixem
1022 3807 1082 3850 nou
1104 3788 1256 3858 indecore,

115 3888 165 3949 sed
188 3890 342 3968 magnifico
366 3898 396 3950 et
423 3908 493 3952 vere
522 3891 651 3953 humano
680 3893 777 3952 animo
798 3890 865 3954 dici
893 3892 994 3953 docuit
1023 3888 1125 3970 (schol.
1148 3889 1256 3952 Veron.

115 3990 182 4058 coll,
207 3992 310 4073 Serv).

197 4095 278 4178 idem
301 4103 400 4155 nmen
423 4098 530 4159 merito
554 4097 729 4176 vituperavit
756 4105 891 4178 poetam,
923 4098 974 4176 qui
996 4094 1117 4157 Achillis
1145 4096 1177 4155 in
1199 4093 1255 4176 Ly·

114 4215 236 4258 caonem
269 4207 457 4277 peremptum
490 4198 712 4261 insultationem
753 4201 872 4261 imitans
905 4199 1040 4278 Tarquiti
1080 4216 1189 4278 eorpus
1224 4199 1255 4258 iu

114 4319 218 4380 campo
240 4301 341 4362 iacens
363 4299 485 4362 llumiuc
508 4320 639 4362 mersum
661 4304 699 4363 iri
728 4304 793 4364 sine
821 4304 936 4364 ratione
962 4297 1157 4382 praedixdrit‚
1187 4318 1255 4360 cum

20 4415 26 4440 ⁴
113 4401 191 4481 apud
214 4403 376 4463 Homerum
398 4401 514 4481 Lycaon
539 4403 712 4490 etlugisset
734 4423 770 4464 ex
792 4404 913 4465 flumine
937 4405 979 4485 (Φ
994 4401 1045 4482 35)
1069 4411 1099 4463 et
1118 4410 1255 4462 mortuus
