3038 4912
593 357 837 402 raonnuoarmm.
1223 337 1282 404 137

143 525 245 604 copiis,
270 523 480 605 comprobavit,
503 527 534 585 in
557 527 667 587 nostris
683 526 821 606 MPyahe
836 533 924 597 extat,
948 535 1052 590 contra
1065 535 1190 597 turrem,
1208 529 1286 609 quod

143 628 174 687 in
198 629 228 687 F
246 626 347 706 legere
370 626 441 688 mihi
465 629 543 689 visus
566 646 642 697 sum,
666 626 818 690 Charisius
840 630 941 691 nescio
957 636 1058 691 utrum
1074 649 1128 692 sua
1143 650 1179 692 an
1197 633 1282 692 euius

144 726 218 788 alius
245 731 430 806 grammatici
458 732 633 792 auctoritate
661 736 789 790 tueatur.
845 731 876 792 Si
909 739 1006 793 autem
1040 731 1204 811 probabilis
1238 742 1285 793 est

144 829 364 892 Kretzschmeri
386 832 524 915 suspicio,
549 837 642 892 totum
663 830 720 892 hoo
736 831 823 893 Gellii
845 840 934 913 caput
956 851 991 894 ex
1006 834 1078 912 ipsis
1093 833 1184 894 Probi
1200 853 1283 896 corn·

145 933 298 993 mentariis
320 943 470 1013 sumptum
495 951 576 1002 esse,
600 932 743 996 habemus
766 934 900 996 eiusdem
923 937 1092 997 testimonia
1113 937 1287 1014 gravissima

144 1034 232 1096 otiam
255 1034 291 1094 de
313 1034 360 1096 hie
382 1037 553 1114 scripturis:
576 1043 637 1096 tres
658 1037 729 1097 laen.
753 1036 779 1097 X
800 1033 872 1106 350,
896 1041 953 1099 tris
973 1034 1045 1107 351,
1068 1039 1146 1099 llaec
1167 1038 1282 1101 lien.ss

142 1131 215 1204 554,
238 1151 323 1212 quem
345 1133 450 1197 1241.
490 1137 550 1199 Neo
565 1136 705 1198 dillerunt
720 1139 814 1199 nostri
836 1137 904 1200 libri
926 1140 985 1199 nisi
1006 1138 1044 1199 de
1067 1141 1164 1219 primo
1179 1140 1287 1202 horum

143 1236 292 1307 locorum,
325 1238 376 1300 uhi
398 1257 465 1302 eum
487 1246 548 1301 tres
569 1239 648 1317 quod
671 1259 774 1301 verum
798 1258 862 1301 esse
890 1239 1067 1302 adlrrmatur
1088 1242 1175 1320 Pyrr
1202 1260 1288 1321 prae·

144 1339 244 1409 beant,
267 1341 322 1401 tris
343 1341 378 1402 ad
402 1344 554 1418 sequentis
576 1359 678 1403 versus
702 1340 869 1422 exemplum
892 1343 977 1404 Mac
999 1343 1183 1422 praeierunt.
1228 1343 1286 1404 Sed

146 1441 238 1504 multo
261 1445 348 1504 etiam
371 1441 459 1505 latius
486 1446 584 1522 ipsum
613 1444 692 1521 quod
715 1443 827 1506 Gellius
854 1443 955 1506 laudat
981 1453 1176 1524 praeceptum
1198 1444 1288 1506 Probi

146 1543 231 1614 valet,
254 1563 355 1606 aurern
379 1547 565 1626 potissimum
580 1547 610 1606 in
634 1546 780 1625 ambiguis
795 1545 1012 1608 vocabulorum
1028 1533 1288 1608 terminationibus

145 1647 385 1726 interrogandam
420 1665 475 1708 nec
503 1649 765 1727 grammaticorum
798 1647 964 1710 ‘finitiones
995 1647 1062 1710 illas
1095 1647 1288 1726 perrancidas
1314 1717 1316 1720 ¹

146 1755 234 1828 atque
257 1750 415 1811 fetutinas’
440 1750 585 1812 curandas
608 1768 683 1820 esse,
708 1748 808 1828 quales
831 1749 963 1812 Charisio
986 1769 1015 1830 p.
1041 1747 1102 1812 129
1124 1757 1154 1812 et
1177 1747 1286 1812 13711.

146 1857 219 1911 teste
247 1850 346 1913 Aelius
373 1850 446 1912 Stilo
477 1852 569 1912 Varro
599 1849 712 1913 Plinius
738 1854 833 1929 Asper
865 1851 997 1932 denique
1035 1853 1287 1930 excogitaverunt.

145 1952 206 2012 Nee
228 1953 399 2014 Priscianus
421 1953 469 2013 Vll
493 1950 534 2015 83
556 1971 620 2034 sqq.
646 1959 831 2014 constantem
859 1951 895 2014 de
923 1955 1083 2015 accusativi
1110 1950 1235 2033 pluralis
1256 1955 1287 2014 in

145 2057 170 2115 is
192 2063 243 2114 aut
264 2073 296 2116 es
317 2056 528 2117 terminatione
552 2073 685 2118 normam
708 2057 887 2117 constituere
908 2072 998 2116 ausus
1020 2062 1086 2115 utra
1115 2055 1146 2114 in
1167 2071 1287 2135 quoque

146 2155 287 2217 vocabulo
310 2158 520 2237 ‘frequenter’
545 2159 590 2219 vel
612 2161 715 2220 ‘raro’
744 2165 905 2236 usurpetur
928 2163 1050 2218 enotare
1072 2157 1144 2217 satis
1166 2155 1285 2216 hahuit:

145 2257 250 2337 quodsi
271 2260 301 2320 iu
325 2259 381 2320 hoc
404 2275 521 2340 qnoque
545 2262 641 2340 capite
664 2269 698 2321 ut
719 2257 791 2320 alias
812 2258 942 2321 Probum
967 2265 1090 2320 secutus
1113 2265 1168 2326 est,
1198 2257 1287 2319 huius

146 2360 312 2421 testimonio
334 2367 379 2422 sat
400 2361 563 2424 multorum
575 2360 707 2424 locorum
724 2362 870 2440 scriptura
885 2361 1089 2431 confirmatur,
1107 2358 1223 2421 scilieet
1237 2376 1284 2438 ge.

144 2460 181 2521 lll
202 2457 267 2524 450
280 2464 414 2538 pinquis,
438 2463 490 2524 llll
511 2461 550 2525 61
566 2467 672 2534 dulcis,
695 2467 767 2525 Aen.
793 2461 806 2522 l
829 2459 890 2524 168
921 2458 1035 2524 111129
1058 2462 1080 2520 V
1102 2457 1164 2522 247
1187 2465 1284 2529 novis,

143 2561 195 2624 llll
216 2560 258 2625 34
279 2568 385 2635 monis,
409 2565 448 2627 lll
469 2562 532 2628 203
553 2571 618 2635 tris,
643 2565 681 2627 lli
702 2561 744 2626 48
768 2568 860 2635 ueris,
884 2564 922 2626 111
945 2561 988 2627 60
1009 2567 1120 2634 imbris,
1144 2563 1197 2626 llll
1218 2559 1281 2625 418

143 2666 282 2734 salubris,
306 2663 441 2728 1111226
463 2671 578 2737 celeris,
600 2685 647 2746 ge.
671 2668 695 2729 ll
720 2662 781 2728 175
805 2666 912 2740 sontis,
936 2668 1007 2727 Aen.
1032 2664 1069 2726 Vl
1089 2660 1154 2728 540
1173 2668 1284 2741 pariis,

144 2766 169 2827 ll
190 2763 233 2828 20
254 2771 394 2843 inperitis,
419 2766 525 2831 111157
548 2772 684 2838 bidentis,
707 2785 753 2847 ge.
772 2766 898 2830 1111161
926 2770 1049 2836 tenacis,
1073 2763 1149 2829 189
1167 2771 1284 2844 plures.

144 2869 282 2930 Ceterum
311 2869 387 2931 hanc
414 2869 504 2931 Probi
532 2870 627 2949 legem
655 2872 720 2950 ipse
756 2877 876 2932 secutus
910 2889 974 2932 suan
1009 2869 1058 2932 uhi
1091 2872 1121 2930 in
1156 2868 1288 2930 diversas

144 2979 245 3050 partes
267 2972 472 3034 discesserunt
493 2971 623 3041 librarii,
654 2989 830 3052 quamquam
854 2973 931 3033 inter
953 2971 1098 3032 barbaros
1120 2979 1206 3033 natus
1227 2989 1287 3031 non

144 3073 168 3132 is
191 3067 255 3132 snm
279 3075 381 3150 quiin
404 3072 451 3135 lais
473 3065 606 3135 minutiis
634 3075 728 3153 ipsam
759 3073 869 3150 ubique
896 3080 1003 3152 poetae
1025 3090 1145 3134 manum
1168 3091 1216 3133 me
1238 3091 1286 3132 re·

144 3175 274 3235 stituisse
298 3174 452 3237 confidam.
485 3177 665 3236 Testimonia
682 3175 719 3237 de
742 3173 927 3252 singulorum
949 3172 1160 3235 vocabulorum
1183 3175 1288 3234 formis

142 3276 181 3336 ita
213 3279 386 3355 composui,
424 3284 458 3338 ut
489 3279 540 3358 qui
578 3278 746 3338 accuratius
780 3277 881 3338 rimari
916 3275 996 3336 volet
1027 3277 1181 3337 materiam
1216 3277 1286 3336 satis

142 3383 309 3456 promptam
333 3369 450 3441 habeat.

227 3479 372 3550 Quoniam
395 3489 493 3542 autern
518 3491 630 3543 certum
654 3488 698 3542 est
721 3482 814 3561 ipsius
839 3479 960 3558 Vergilii
981 3478 1091 3540 librum
1114 3480 1145 3539 in
1168 3480 1285 3556 georgi·

144 3599 198 3640 con
221 3582 319 3660 primo
342 3581 446 3643 saltem
469 3583 546 3644 libro
571 3582 702 3645 aProbo
724 3581 887 3644 adhibitum
912 3599 990 3651 esse·
1010 3599 1067 3642 non
1092 3580 1196 3641 dtrbito
1216 3582 1288 3659 quin

144 3681 269 3742 eundem
294 3677 406 3744 Gellius
439 3683 481 3746 ihi
505 3702 624 3764 quoque
647 3683 841 3752 intellexerit,
870 3683 992 3756 coiux
1018 3679 1065 3753 14,
1090 3680 1119 3762 7)
1148 3681 1233 3743 facile
1256 3701 1288 3742 se

143 3783 266 3845 credere
290 3783 426 3846 adllrmat
449 3783 515 3847 ‘his
538 3788 588 3866 qui
611 3788 796 3866 scripserunt
817 3784 1025 3865 idiographum
1048 3783 1155 3845 librum
1168 3783 1289 3862 Vergilii

143 3905 175 3945 se
198 3887 400 3965 inspexisse’‚
435 3889 468 3948 in
503 3906 561 3967 quo
594 3890 632 3949 ita
663 3890 808 3967 scriptum
839 3889 878 3948 sit
899 3891 955 3965 (ge.
980 3887 991 3946 l
1013 3883 1086 3963 208)
1119 3889 1199 3948 libro
1225 3890 1289 3947 dies

142 3991 295 4065 somnique
311 4006 408 4065 puras
430 3991 482 4050 obi
499 3989 613 4062 feeerit
633 3992 736 4066 horas,
761 3989 790 4050 id
815 3997 861 4050 est
883 3992 945 4050 diei
965 3992 1130 4064 somnique.
1160 3989 1288 4067 Ilignutn

144 4089 221 4150 enim
244 4097 339 4151 toturn
361 4089 432 4150 illud
456 4090 541 4152 Gellii
571 4099 658 4170 caput
680 4092 716 4152 lX
741 4089 781 4152 14
809 4089 854 4150 vel
877 4089 1016 4152 Caesellii
1040 4090 1171 4152 Vindicis
1199 4109 1286 4170 quem

142 4190 242 4251 laudat
256 4191 416 4253 lectionum
433 4195 622 4270 antiquarum
638 4193 682 4254 vel
701 4195 808 4274 Berytii
824 4195 918 4254 nostri
936 4194 1167 4262 commentariis,
1185 4211 1286 4271 quam·

142 4309 230 4369 quam
253 4292 290 4353 de
305 4293 420 4374 llygino
442 4311 560 4376 quoque
581 4297 704 4374 cogitari
727 4303 835 4376 potest.
882 4294 939 4360 Sed
963 4296 994 4354 in
1018 4302 1129 4355 textum
1150 4296 1287 4374 recipere

144 4391 224 4453 nolui
248 4397 416 4470 genetivum
440 4393 523 4458 illum
559 4399 623 4458 dies
652 4399 784 4474 utramvis
806 4397 973 4458 venerando
998 4397 1168 4457 testimonio
1190 4396 1288 4456 lirma·
