3038 4912
591 372 834 414 rnonnuounxx.
1222 351 1281 416 157

129 557 242 617 passus
264 538 399 618 exempla
421 540 492 600 heu.
517 536 615 601 1480
651 539 691 601 111
714 537 785 610 263,
809 539 845 600 ad
867 543 1002 617 partitur
1027 538 1127 610 1194,
1151 540 1188 602 ad
1211 559 1281 600 con·

135 643 282 703 cessirum
304 640 425 703 modum
440 644 553 704 laceris
567 641 593 702 x
607 639 658 712 33,
677 645 792 705 Allecto
808 645 1007 704 accusativum
1022 642 1075 704 Vll
1091 638 1163 711 324,
1187 644 1284 704 instar

134 744 170 804 ad
194 744 231 804 Vl
252 738 325 805 865.
980 733 984 742 ’

217 847 309 909 Multa
331 847 362 906 in
378 846 515 938 Aeneide*
532 865 693 909 occurrere
715 848 879 927 incongrua
903 855 933 908 et
947 849 1025 908 inter
1041 866 1073 908 se
1089 848 1283 927 repugnantia
1352 871 1354 876 ·

133 949 264 1010 Probum
287 967 347 1010 nou
370 950 470 1010 minus
493 968 580 1030 quam
604 956 719 1011 ceteros
743 951 863 1011 criticos
885 950 996 1028 fugisse
1024 968 1082 1009 una
1106 947 1283 1032 scholiastae

132 1053 241 1112 Veron.
265 1050 301 1111 ad
323 1050 396 1112 hen.
420 1051 457 1112 tx
481 1047 545 1112 369
577 1051 728 1113 adnotatio
762 1051 866 1126 docet;
907 1061 936 1113 et
966 1058 1200 1112 consentaneum
1229 1051 1284 1112 hos

132 1152 177 1213 vel
201 1153 327 1214 maxime
350 1152 432 1214 locos
454 1151 491 1213 ab
515 1171 550 1214 eo
576 1161 656 1214 certa
680 1161 749 1214 nota
772 1155 929 1232 insignitos
950 1155 1052 1214 luisse.
1082 1153 1162 1214 Usus
1185 1160 1283 1214 autem

132 1254 247 1316 videtur
270 1256 353 1331 diple
374 1271 506 1332 superne
528 1257 655 1325 obelata,
680 1275 768 1337 quarn
791 1255 844 1317 ‘ad
868 1256 1072 1318 condicionem
1088 1254 1222 1316 locorum
1237 1254 1284 1315 vel

131 1375 328 1436 personarum
351 1355 399 1416 rel
422 1365 590 1438 temporum
614 1363 775 1421 mutatam'
806 1361 877 1438 poni
897 1360 1050 1420 Parisinus
1072 1360 1284 1436 grammaticus

131 1458 226 1521 docet.

217 1563 307 1638 lh'ple
329 1562 503 1623 obelismene
525 1561 748 1625 comoediarum
774 1573 803 1622 et
819 1562 1035 1642 tragoediarum
1054 1563 1146 1624 textui
1161 1563 1284 1643 propria

133 1663 215 1724 velut
247 1662 283 1724 ad
307 1663 480 1724 Terentium
504 1683 520 1725 a
543 1663 657 1734 Probo,
692 1666 722 1725 in
745 1664 869 1726 Horatio
902 1671 1001 1726 autem
1034 1664 1070 1724 ad
1104 1664 1283 1744 separandas

132 1764 273 1844 strophas
294 1784 405 1832 aversa
428 1768 603 1827 obelismeae
625 1764 762 1827 adhiberi
785 1773 912 1845 poterat.
944 1765 1116 1827 Dilticiliora
1130 1751 1283 1827 intellectu

132 1849 268 1947 quaeda
296 1877 383 1930 recta
410 1876 441 1928 et
463 1884 572 1930 eausa
594 1884 725 1944 superne
749 1869 876 1929 obelata
903 1869 1046 1948 praecipit
1074 1869 1284 1946 grammaticus

130 1969 297 2039 Parisinus,
333 1970 418 2030 cuius
452 1976 592 2048 corrupta
626 1968 672 2029 rel
704 1971 804 2048 polius
832 1969 929 2031 lacera
961 1976 991 2029 et
1024 1967 1283 2048 neglegentissime

132 2080 273 2152 excerpta
298 2070 388 2134 rerba
411 2071 486 2132 haec
510 2077 682 2152 ‘ponuntur
704 2089 772 2132 cum
796 2069 901 2132 eadem
917 2071 1084 2150 significant
1098 2071 1285 2150 similemque

131 2181 306 2250 sequentem
331 2175 416 2236 esse'
439 2172 594 2254 paululum
616 2172 691 2234 lucis
714 2172 858 2233 ridentur
874 2175 1011 2253 accipere
1028 2192 1063 2233 ex
1079 2172 1186 2234 lsidori
1202 2173 1282 2234 loco:

132 2276 272 2354 ‘ponitur
294 2276 375 2337 linita
399 2273 464 2336 loco
486 2294 542 2336 suo
565 2274 694 2336 monade
717 2276 924 2355 significatque
953 2273 1078 2336 slmilom
1108 2283 1281 2355 sequentem

131 2380 225 2438 esse'.
278 2377 358 2448 Quae
381 2396 442 2438 non
466 2376 643 2455 habeoque
666 2383 803 2457 spectare
827 2377 921 2438 dicam
945 2378 1002 2438 nisi
1031 2377 1066 2437 ad
1090 2377 1282 2458 stropharum

129 2477 209 2539 illam
225 2481 461 2559 responsionem,
485 2499 572 2560 quam
594 2481 625 2540 in
648 2478 790 2540 bucolicis
805 2479 968 2558 Vergilium
985 2478 1020 2539 ad
1036 2478 1189 2540 Theocriti
1212 2479 1282 2541 alio·

130 2597 257 2658 rumque
271 2589 425 2661 poetarum
443 2580 627 2643 Graecorum
642 2581 810 2661 exemplum
827 2589 970 2642 sectatum
987 2599 1052 2642 esse
1069 2579 1139 2642 olim
1155 2582 1283 2643 ostendi.

129 2682 234 2760 ltaque
250 2691 284 2744 ut
305 2682 362 2744 hoc
385 2691 452 2745 utar
476 2680 700 2746 0011136-39
724 2691 754 2746 el
774 2679 913 2754 40-42,
938 2703 964 2745 r.
980 2681 1022 2745 43
1039 2690 1068 2744 at
1082 2678 1134 2752 44,
1156 2679 1285 2745 45-50

131 2791 162 2844 et
182 2780 328 2854 51-55,
357 2781 398 2847 56
423 2803 466 2864 sq.
499 2791 529 2845 cl
556 2781 598 2846 58
627 2805 687 2866 sq..
717 2781 843 2847 60-62
874 2792 904 2845 et
931 2781 1072 2856 63-65,
1101 2781 1228 2846 66-69
1256 2794 1285 2845 et

133 2883 361 2948 70-731naer
385 2905 417 2947 se
442 2886 550 2947 similia
574 2905 639 2948 esse
662 2895 779 2966 poterat
801 2894 882 2948 recta
907 2895 935 2947 et
950 2905 1052 2970 aversa
1068 2905 1197 2966 superne
1213 2886 1283 2947 obe·

134 2986 202 3049 latis
239 2989 410 3067 significari.
476 2987 660 3065 Quamquam
698 2988 773 3050 aliae
820 2988 1011 3069 stropharum
1049 2987 1285 3068 complicatiores

134 3097 319 3162 structurae,
348 3089 400 3150 uhi
427 3091 553 3151 invicem
578 3088 633 3150 sibi
657 3090 866 3170 respondentia
894 3089 1028 3150 membra
1057 3089 1121 3150 aliis
1150 3097 1285 3171 separata

131 3199 211 3261 strat,
240 3192 298 3253 hac
320 3190 386 3253 sola
410 3199 479 3252 nota
501 3210 564 3252 non
588 3193 661 3252 satis
683 3193 842 3272 perspicue
864 3191 1007 3253 illustrari
1027 3199 1176 3271 poterant.
1227 3191 1284 3251 Sed

136 3310 193 3371 qna
222 3293 277 3354 alia
305 3295 438 3363 ratione,
475 3293 578 3372 quales
604 3293 716 3355 multae
744 3312 816 3355 sane
845 3289 1006 3370 excogitari
1032 3301 1172 3373 possunt,
1206 3295 1284 3354 varia

135 3403 241 3474 poetae
275 3397 399 3457 artificia
432 3396 464 3456 in
498 3406 661 3476 conspectu
692 3395 814 3458 lectoris
845 3398 941 3478 posita
985 3397 1098 3457 luerint
1142 3395 1282 3457 traditum

133 3505 275 3564 nonest.
902 3517 905 3526 ·

218 3599 351 3679 Denique
374 3607 489 3661 restant
513 3617 637 3678 quarum
659 3599 896 3682 simplicissimus
918 3620 988 3663 usus
1011 3610 1074 3663 erat
1107 3602 1226 3662 curonis
1255 3609 1283 3661 et

133 3700 261 3781 simplex
285 3700 401 3762 ductus.
449 3703 600 3764 Coronide
622 3703 722 3781 igitur,
751 3720 828 3781 quae
851 3705 898 3764 ‘in
920 3706 977 3764 hnc
1000 3703 1085 3766 libri’
1109 3702 1284 3784 ponebatur,

135 3821 207 3864 usus
239 3810 289 3886 ,est
320 3802 453 3873 Probus,
486 3812 519 3864 ut
553 3806 734 3883 signiticaret
765 3807 900 3885 quintum
923 3807 1062 3866 heiluidis
1090 3804 1199 3866 librum
1230 3805 1286 3865 hoc

129 3924 217 3967 versu
247 3909 296 3966 ‘ct
325 3905 446 3966 tandem
476 3904 616 3966 Euboicis
645 3907 805 3969 Cumarum
833 3905 982 3970 adlabitur
1016 3909 1111 3978 oris',
1146 3923 1205 3967 non
1234 3907 1284 3968 illo

129 4007 240 4069 ‘nudus
263 4010 293 4067 in
315 4008 426 4085 ignota,
460 4006 611 4078 Palinure,
634 4008 745 4070 iacebis
760 4008 890 4070 harena’
912 4010 1142 4078 terminandum,
1167 4016 1284 4070 sextum

128 4117 228 4169 autem
252 4108 298 4169 his
321 4107 500 4169 ‘obvertunt
525 4107 629 4189 pelago
652 4113 779 4190 proras'
803 4110 1019 4174 exordiendum
1042 4131 1118 4173 esse.

212 4213 329 4272 Ductus
359 4214 490 4287 simplex
524 4213 585 4272 sive
618 4230 705 4289 quarn
733 4213 864 4274 Isidorus
897 4213 1027 4294 appellat
1053 4215 1282 4292 paragraphus
1336 4211 1340 4216 ’

131 4314 233 4372 ‘inter
256 4329 359 4372 uersus
381 4311 551 4392 ponebatur
573 4312 618 4373 att
633 4315 814 4394 separandas
828 4335 878 4376 res
894 4335 908 4376 a
925 4315 1016 4376 rebus
1032 4319 1152 4396 quaein
1169 4309 1283 4376 conexu

128 4423 359 4482 concurrerent,
390 4415 641 4491 quemadmodum
670 4418 699 4475 in
730 4416 879 4494 catalogo,
910 4437 977 4478 cum
1007 4417 1069 4478 loca
1094 4437 1109 4478 a
1133 4416 1205 4478 locis
1228 4427 1279 4477 aut
