2970 4896
264 327 326 394 356
708 351 953 394 anonaoouerm.
1021 311 1027 320 ’

349 521 434 578 Alter
463 519 663 578 Mentete'unus
688 521 795 579 ceteris
827 517 964 578 omnihus
995 519 1034 593 (h.
1064 537 1090 578 e.
1117 518 1245 597 MPyne)
1274 528 1407 598 praestat

263 623 335 680 Aen.
361 620 385 679 ll
409 617 470 679 778
494 619 538 678 vel
560 629 674 679 serrata
698 619 741 678 vel
765 618 890 679 feliciter
912 621 1046 680 restituta
1070 621 1217 698 scriptura
1241 623 1408 699 optimate

264 724 349 782 hine
371 724 537 781 comitem
571 728 789 795 asportare,
826 738 912 799 quam
940 721 970 779 in
997 721 1015 779 d
1043 720 1135 780 altera
1158 721 1278 781 demum
1304 740 1407 782 manus

264 823 391 883 reduxit.
442 823 596 882 Communi
626 840 692 881 cum
720 820 1002 900 llottendorphianis
1029 823 1191 899 paucisque
1225 822 1291 882 aliis
1321 823 1407 883 laude

264 923 372 983 fruitur
395 923 471 1002 qnod
495 925 566 982 hen.
592 919 716 983 1x514
744 925 891 1000 integrum
921 921 1044 1001 praebet
1072 927 1192 1000 iuvet,
1229 925 1316 984 variis
1344 943 1406 984 cor·

265 1025 388 1104 ruptelis
411 1026 440 1084 in
465 1025 638 1102 FMPBydr
661 1032 690 1083 et
712 1024 788 1103 apud
812 1025 1020 1101 grammaticos
1043 1024 1251 1085 deformatum.
1282 1025 1407 1103 lntegri·

265 1134 354 1186 tatem
383 1123 506 1185 Palatini
541 1125 672 1185 nondum
702 1126 883 1185 correctoris
909 1143 1029 1184 manum
1059 1127 1137 1202 passi
1168 1125 1266 1186 reddit
1294 1128 1317 1186 V
1346 1123 1407 1186 299

264 1229 358 1288 iorma
385 1228 590 1302 Tepeeeue,
621 1245 687 1286 cum
717 1229 747 1287 ln
770 1226 935 1305 plerisque,
967 1224 995 1285 h.
1021 1244 1045 1285 e.
1070 1228 1101 1285 in
1124 1228 1307 1305 Meamne,
1338 1227 1407 1288 suh·

264 1332 363 1389 stitutn
387 1328 570 1407 diphthongo
593 1327 679 1388 alteri
708 1331 746 1389 sit
774 1329 954 1408 praepositio
982 1329 1036 1396 de,·
1065 1329 1134 1388 item
1158 1337 1196 1388 ¹ut
1218 1329 1408 1406 Merragianus

264 1431 346 1508 prior
368 1429 394 1488 ll
414 1426 478 1490 432
501 1429 592 1489 verho
614 1433 826 1490 addensent
856 1411 1035 1506 (addensent
1058 1429 1244 1506 caesapon.
1304 1430 1407 1507 Negle-

263 1532 380 1608 gcntiae
402 1528 515 1590 lihrarii
540 1530 638 1590 tribuo
662 1531 738 1608 quod
762 1532 833 1591 Aen.
859 1529 907 1590 Vll
929 1526 990 1590 587
1015 1540 1044 1589 et
1068 1533 1098 1590 in
1121 1529 1177 1589 hoc
1201 1538 1230 1590 et
1252 1533 1282 1591 iu
1306 1533 1408 1610 paucis

264 1633 329 1693 aliis
352 1650 441 1692 manu
463 1629 564 1711 prior'e
588 1633 715 1692 omissus
738 1642 792 1692 est.

348 1734 628 1808 Bottendorpht'ani
650 1737 746 1810 print
772 1732 973 1793 memorabilis
1003 1731 1090 1792 lectio
1119 1743 1164 1794 est
1186 1736 1258 1794 Aen.
1283 1731 1407 1794 111553

263 1837 387 1896 Anionis
409 1853 463 1912 pro
488 1836 667 1894 Caulonis
691 1835 847 1914 (Mdec),
871 1850 945 1910 quae
968 1835 1095 1894 tortasse
1117 1834 1232 1913 Hygino
1256 1834 1407 1913 placuerat

264 1938 311 2016 (cl.
336 1937 475 2013 Servius).
563 1937 720 1996 Secundus
748 1937 818 1995 hen.
849 1934 886 1994 lll
912 1931 979 2010 ,412
1008 1935 1088 1996 solus
1118 1935 1206 1996 habet
1233 1935 1313 2014 quod
1341 1955 1407 1995 seu-

264 2039 355 2098 tentia
379 2037 488 2114 llagitat
511 2041 656 2110 eversi,
681 2055 748 2097 cum
772 2037 864 2096 ceteri
887 2053 999 2104 omnes,
1025 2036 1053 2095 h.
1071 2055 1095 2096 e.
1115 2039 1295 2114 MPRyhcd,
1321 2037 1408 2096 etiam

263 2139 375 2199 Nonius
404 2147 431 2198 et
455 2140 576 2199 Servius
606 2141 729 2199 aduersi
755 2139 875 2196 mutatis
904 2136 1017 2197 seilicet
1045 2139 1081 2197 ah
1109 2139 1260 2218 archetypi
1288 2139 1409 2198 lihrario

263 2241 370 2301 litteris
392 2241 415 2300 B
439 2248 467 2300 et
490 2240 514 2300 ll
538 2240 776 2318 propagaverint.
865 2241 930 2300 Duo
953 2259 987 2299 ex
1013 2239 1059 2300 his
1083 2240 1214 2301 Palatino
1239 2239 1409 2300 adsentiunt

265 2341 315 2402 Xll
334 2339 398 2403 310
419 2341 455 2401 de
478 2343 607 2419 genuina
629 2343 847 2401 conduntur
870 2341 1025 2418 scriptura,
1050 2340 1100 2400 uhi
1122 2343 1310 2401 clauduntur
1331 2340 1408 2418 glos·

264 2463 344 2504 seina
371 2445 402 2502 in
433 2444 553 2520 Mltyde
581 2443 710 2520 irrepsit.
767 2441 974 2501 Coniecturam
1009 2443 1097 2502 etiam
1127 2444 1156 2502 in
1184 2463 1205 2520 γ
1231 2444 1408 2519 adscriptam

264 2564 330 2604 cum
359 2543 578 2604 Zuliclrenriauo
606 2542 752 2621 praebent
782 2560 805 2600 v.
832 2537 893 2602 779
923 2543 1026 2618 ferro,
1062 2543 1111 2604 uhi
1139 2545 1237 2603 hello
1261 2543 1407 2620 Merrae.

267 2647 384 2706 Tertius
407 2663 473 2704 cunr
497 2644 698 2704 hlontalhanio
722 2643 846 2722 aliisque
870 2651 951 2703 recte
975 2647 1101 2704 servavit
1122 2646 1194 2706 deu.
1219 2645 1241 2704 V
1264 2641 1328 2704 522
1350 2663 1408 2703 su-

264 2749 390 2815 bitum,
415 2746 465 2806 uhi
487 2748 582 2806 subito
605 2747 785 2823 MPaytcu.
1115 2811 1121 2821 ¹

349 2848 391 2908 Ex
414 2847 608 2908 Leidensr'dus
630 2848 682 2906 trni
704 2846 829 2907 debetur
857 2849 1048 2908 subnexus
1075 2851 1146 2908 hen.
1173 2847 1223 2906 llll
1246 2845 1308 2907 217
1334 2849 1408 2924 (sud-

265 2954 356 3010 nixus
379 2951 553 3028 MPyubcrp‚
578 2948 690 3008 Nonius
714 2957 743 3007 et
765 2949 904 3028 Servius).
955 2949 1026 3008 Cum
1050 2949 1201 3008 hloretann
1226 2950 1323 3027 primo
1347 2948 1409 3007 Lei·

265 3052 366 3111 densis
388 3058 489 3110 tuetur
504 3055 575 3111 Aen.
599 3045 696 3108 1224
719 3045 1028 3131 dispicienssshnon
1053 3051 1184 3128 ignotum
1207 3048 1280 3108 illud
1297 3049 1408 3116 Servio,

266 3152 342 3229 quod
367 3154 459 3212 ceteri
482 3170 595 3220 omnes
620 3151 794 3228 FMleyecu
816 3159 846 3210 et
868 3151 1051 3229 grammatici
1074 3151 1105 3210 in
1129 3153 1299 3226 despiciens
1315 3158 1408 3209 muta·

268 3261 380 3314 veruut.
427 3253 469 3313 lle
488 3259 583 3330 lieres
606 3254 754 3331 scriptura
777 3252 828 3312 llll
852 3249 914 3314 605
937 3271 1025 3331 supra
1049 3251 1169 3312 dictum.

349 3356 392 3416 Ex
422 3357 614 3429 Manneianis
647 3354 763 3414 duobus
802 3357 928 3414 atterum
969 3353 1106 3414 Heinsius
1140 3355 1176 3414 ad
1205 3355 1278 3414 Aen.
1304 3352 1327 3410 V
1349 3348 1411 3411 620

266 3454 338 3514 dicit
360 3457 537 3516 recentioris
559 3463 655 3524 notae,
680 3459 770 3530 prior
793 3475 879 3533 quam
904 3462 985 3515 vetus
1008 3458 1128 3515 sitnon
1159 3455 1289 3533 repperi.
1341 3454 1408 3512 Ser·

267 3557 343 3614 ravit
366 3557 414 3616 hic
437 3556 518 3616 solus
541 3559 691 3635 antiquam
715 3559 840 3616 lormam
863 3559 951 3617 exul
959 3560 971 3616 i
977 3566 989 3616 t
1015 3575 1060 3633 ge.
1086 3557 1124 3617 lll
1147 3554 1210 3617 433
1234 3563 1406 3633 corruptam

266 3660 295 3716 in
321 3659 355 3716 M
376 3657 450 3717 lacta
474 3658 498 3717 Τ
520 3677 577 3736 pro
600 3657 620 3717 S
643 3659 672 3716 in
695 3660 815 3726 extulit,
844 3657 963 3738 novicia
985 3662 1086 3720 enstlr't
1115 3656 1159 3718 vel
1187 3659 1275 3716 exilit
1306 3658 1334 3715 in
1360 3656 1410 3714 ΡΗ

267 3765 424 3827 mutatam,
455 3758 533 3818 unde
555 3762 585 3819 in
608 3759 665 3836 yde
687 3769 785 3819 ortum
808 3763 891 3820 exiit.
941 3760 1019 3837 Ergo
1048 3758 1207 3820 notandum
1232 3767 1314 3817 certe
1338 3759 1408 3816 herr.

268 3859 304 3919 lll
324 3857 381 3919 167
397 3861 483 3938 nnec,
507 3860 558 3920 ubi
572 3864 631 3921 hee
646 3863 798 3939 FMPplrc.
835 3860 871 3920 Et
889 3861 1052 3939 pulchrius,
1076 3863 1101 3921 si
1124 3859 1193 3941 quid
1216 3861 1322 3926 sentio,
1340 3859 1408 3918 hen.

214 4034 215 4037 Ἴ
267 3957 376 4020 77908
399 3962 560 4022 Mezentius
582 3981 688 4023 caesus
711 3982 770 4022 non
793 3965 823 4022 in
846 3980 947 4036 arm«,
979 3971 1011 4022 ut
1033 3961 1143 4022 hahent
1166 3961 1329 4037 MPByltc,
1360 3955 1409 4018 sed

267 4065 296 4122 in
320 4079 396 4122 urea
416 4062 582 4122 dill'undere
605 4065 731 4124 animam
756 4073 901 4124 narratur.
995 4063 1172 4140 Ambiguum
1203 4069 1286 4122 certe
1311 4069 1409 4119 utrum

267 4169 337 4224 tien.
361 4162 414 4223 llll
436 4159 500 4224 594
524 4164 596 4224 uiuo
620 4166 828 4225 exclamaverit
850 4169 919 4224 dnte
947 4168 1020 4232 tete,
1053 4173 1084 4224 ut
1112 4164 1247 4242 plerique
1271 4161 1409 4240 (Ml’yltc)

267 4274 404 4326 auctores
428 4273 506 4333 sunt,
532 4284 568 4324 an
592 4266 681 4326 ‘date
702 4269 801 4335 velu’,
827 4276 858 4326 ut
881 4276 998 4345 praeter
1023 4265 1134 4344 lleuag.
1158 4285 1203 4344 pr.
1229 4262 1345 4324 Claudii
1361 4261 1409 4320 Sa·

267 4366 396 4426 cerdotis
419 4364 494 4425 liber
518 4379 546 4426 et
563 4367 666 4427 llonati
684 4368 835 4427 Parisinus
859 4376 888 4426 et
904 4367 1047 4427 Prisciani
1070 4367 1214 4446 ‹luaedarn
1232 4362 1410 4442 exemplaria
