3038 4912
563 345 808 390 rnocceonarn.
1196 322 1253 388 107

106 513 161 576 ubi
184 531 301 576 errasse
316 511 464 590 Vergilius
486 514 628 591 arguitur,
653 513 733 591 quod
748 512 820 574 den.
843 512 895 576 llll
910 508 952 575 58
969 511 1042 574 Dido
1064 532 1120 593 pro
1142 515 1255 594 nuptiis

107 635 193 678 sacra
221 617 333 686 iaciens
361 616 459 695 primo
487 616 646 676 contrariis
673 614 845 676 numinibus
867 615 969 678 Cereri
991 615 1112 678 Phoebo
1135 615 1253 686 Libero,

107 726 171 780 tum
193 718 314 790 demum
337 717 443 778 lunoni
466 724 575 780 mactet
597 735 675 778 ores.
714 717 794 779 llaec
815 718 878 795 ipsa
902 726 1001 779 autem
1024 718 1100 798 apud
1118 719 1253 780 Servium

109 821 240 884 Danielis
256 809 335 882 'satis
357 821 478 899 copiose
500 829 530 882 et
553 827 740 900 exponuntur
763 828 792 881 et
813 821 982 882 refutantur
998 819 1096 882 verbis
1120 819 1188 881 ‘alii
1211 818 1254 881 di·

110 928 200 986 cunt’
223 943 248 984 e.
273 940 303 1001 q.
326 942 368 994 s..
398 931 430 985 ut
453 925 504 1001 qni
527 923 668 1004 supplere
689 923 831 986 llacrobii
859 907 994 986 ta'cuoam
1017 920 1169 984 induxerit
1191 923 1255 982 ani·

110 1045 204 1097 mum,
234 1025 283 1086 bic
311 1033 341 1086 et
362 1023 505 1104 Euangeli
528 1034 558 1087 et
580 1027 668 1088 Vettii
696 1025 871 1104 argumenta
899 1024 985 1087 iacile
1007 1026 1045 1087 sit
1067 1031 1253 1104 reperturus.

110 1129 172 1190 Nec
193 1127 242 1190 illa
274 1145 362 1208 quam
395 1125 741 1208 insomn.Scip.118
773 1129 898 1188 inseruit
919 1127 1089 1190 Macrobius
1120 1128 1255 1208 quaestio

109 1231 147 1291 de
180 1231 340 1308 georgicon
377 1229 390 1292 l
422 1249 467 1292 vr.
501 1227 563 1292 237
598 1249 662 1311 sqq.
697 1229 815 1292 aliunde
848 1239 937 1308 atque
973 1249 1008 1291 ex
1043 1231 1138 1292 Servii
1173 1248 1253 1300 com·
1326 1227 1327 1230 ’

110 1333 262 1394 mortariis
284 1331 388 1393 bansta
409 1332 524 1394 videtur
548 1350 621 1394 esse.
668 1333 800 1405 Quorum
823 1334 854 1393 in
878 1335 1025 1413 excerptis
1048 1333 1157 1393 nostris
1179 1350 1255 1410 quae

109 1436 288 1497 adnotantur
311 1433 484 1496 brevissima
518 1436 593 1511 ‘per
615 1437 734 1496 ambae:
763 1454 829 1496 cum
860 1435 930 1495 vitet
963 1442 1117 1515 utramque
1141 1441 1255 1512 tempe-

113 1545 218 1608 ratam,
242 1539 306 1616 ipsa
330 1538 512 1616 praepositio
529 1555 590 1616 per
611 1557 667 1617 pro
690 1542 770 1600 inter
789 1536 961 1618 accipienda
989 1538 1051 1598 est'
1082 1537 1256 1615 conspirant

112 1659 181 1702 cum
204 1637 346 1700 Macrobii
369 1638 428 1700 ltis:
453 1638 508 1699 ‘an
532 1639 611 1717 quod
635 1639 707 1702 mihi
730 1658 799 1702 vero
822 1641 945 1719 propius
969 1638 1094 1707 ridetur,
1112 1656 1173 1715 per
1196 1655 1259 1698 nm·

111 1744 167 1803 bus
187 1760 243 1822 pro
274 1744 353 1802 inter
380 1742 483 1802 ambas
514 1740 605 1802 voluit
632 1741 801 1828 intellegii’
832 1760 857 1801 e.
883 1757 911 1819 q.
937 1760 959 1802 s.
1015 1740 1078 1803 Alia
1107 1739 1194 1800 docet
1223 1737 1258 1800 ad

113 1844 142 1904 b.
167 1843 185 1904 l.
210 1841 333 1905 Probus.
739 1893 740 1896 η

197 1947 294 2023 dique
317 1943 353 2005 ab
378 1944 499 2015 eisdem,
524 1947 574 2024 qui
596 1946 740 2025 pontificii
768 1947 841 2006 iuris
870 1947 993 2007 scientia
1016 1944 1189 2007 destitutum
1213 1965 1259 2006 ar·

114 2057 247 2127 gueruni
275 2046 447 2126 Vergilium,
478 2067 515 2108 ne
545 2047 575 2108 id
598 2047 717 2127 quidem
751 2049 994 2127 praetermissum
1028 2067 1094 2108 esse
1128 2050 1259 2108 conicias
1314 2093 1319 2103 .

114 2150 194 2228 quod
222 2148 298 2228 apud
328 2149 423 2210 solum
452 2149 587 2211 Servium
617 2150 653 2210 ad
681 2151 752 2210 den.
777 2145 926 2212 V111552
949 2149 1070 2228 legitur:
1105 2139 1262 2211 ‘etmulti

115 2252 171 2314 hoc
194 2252 260 2312 loco
282 2250 510 2330 reprehendunt
532 2249 702 2330 Virgilium,
732 2255 783 2332 qui
811 2271 879 2313 cum
901 2255 1030 2313 Aeneam
1055 2249 1163 2331 ubique
1186 2270 1259 2330 pon-

115 2357 223 2416 tificem
247 2353 394 2422 ostendat,
419 2364 448 2415 et
470 2353 659 2433 pontificibus
682 2373 741 2415 non
766 2352 853 2416 liceat
875 2373 952 2434 equo
976 2353 1057 2424 vehi,
1081 2353 1134 2414 sed
1157 2373 1257 2422 curru,

115 2458 192 2518 sicut
220 2457 251 2516 in
281 2457 409 2534 septimo
432 2451 513 2536 (280)
544 2475 559 2517 a
589 2457 691 2518 Latino
720 2459 747 2517 ei
769 2476 888 2518 currum
923 2457 1045 2518 missum
1082 2455 1168 2524 dicit,
1204 2455 1257 2515 cnr

116 2576 192 2635 equo
215 2575 282 2618 eum
305 2575 390 2618 usum
413 2558 501 2618 iaciat
529 2558 646 2620 dicens:
671 2558 784 2622 ducunt
807 2579 831 2620 e.
856 2577 884 2638 q.
909 2579 931 2620 s.
957 2568 987 2621 ct
1008 2554 1081 2627 585,
1106 2560 1191 2618 cuius
1215 2558 1258 2636 rei

115 2662 189 2722 haec
212 2659 348 2721 redditur
371 2661 458 2719 ratio’
483 2677 509 2720 e.
533 2678 561 2737 q.
585 2680 608 2722 s.
1326 2742 1327 2745 Ἴ

200 2761 343 2823 lledimus
365 2761 401 2822 ad
424 2763 635 2824 ‘criticorum'
656 2782 731 2844 quae
754 2765 783 2825 in
807 2763 878 2825 solis
896 2765 1046 2826 Servianis
1069 2763 1190 2825 sclroliis
1213 2781 1261 2823 ex-

116 2871 179 2926 tant
213 2863 395 2933 notationes,
423 2881 549 2942 quarum
574 2873 687 2943 partem
716 2863 843 2944 aliquam
884 2865 927 2926 vol
951 2884 1047 2944 genus
1069 2865 1173 2927 saltem
1198 2866 1261 2926 uni·

116 2985 232 3028 versum
255 2967 291 3026 ad
314 2967 427 3044 antiqui
449 2959 528 3028 illius
544 2965 661 3028 Carvilii
676 2967 801 3028 Pictoris
824 2968 948 3046 eiusque
971 2967 1139 3046 aequalium
1162 2968 1261 3028 crimi⁴

115 3071 267 3138 nationes,
297 3067 405 3145 quibus
436 3075 534 3129 autem
563 3068 735 3130 delenditur
764 3077 1060 3149 poela'argumrnta
1087 3069 1123 3130 ad
1145 3069 1263 3130 Asconii

115 3170 226 3231 librum
245 3171 352 3231 referri
368 3169 522 3249 probabile
535 3180 595 3238 est:
622 3187 801 3248 quamquam
825 3179 857 3232 ut
872 3173 932 3232 dixi
947 3172 1122 3252 posterioris
1145 3186 1262 3249 quoque

115 3273 261 3352 temporis
284 3279 552 3362 commentatorum
577 3291 664 3334 nemo
686 3274 755 3342 luit,
780 3276 849 3353 quin
875 3282 904 3334 et
925 3273 1055 3353 ponendi
1078 3281 1108 3332 et
1129 3270 1263 3333 solvendi

117 3377 307 3455 quaestiones
330 3374 377 3435 rel
401 3377 594 3456 praecipuum
618 3394 726 3438 munus
750 3375 895 3438 babuerit.
927 3375 986 3437 Sed
1002 3373 1108 3436 similia
1132 3373 1179 3434 hic
1202 3372 1263 3434 col-

116 3477 226 3556 legisse
248 3478 349 3555 utique
371 3477 490 3539 iuvabit.

202 3579 244 3641 Ad
269 3597 355 3646 sacra,
377 3582 467 3658 igitur
490 3583 630 3660 pertinet,
654 3582 731 3659 quod
755 3583 942 3662 ‘quaeritur’
965 3600 1019 3642 cur
1042 3589 1146 3661 operto
1167 3581 1263 3659 capite

119 3681 154 3742 ad
172 3681 311 3744 Herculis
327 3700 412 3744 eram
432 3682 529 3744 adsint
545 3683 624 3754 Salii,
649 3687 695 3745 cui
711 3685 827 3746 detecto
844 3687 953 3746 vertice
976 3687 1143 3746 sacrificare
1166 3684 1265 3744 cuncti
1332 3751 1336 3760 ,

117 3787 148 3846 in
181 3783 265 3845 libris
298 3784 516 3864 antiquioribus
549 3785 708 3847 iubeantur
741 3787 873 3866 (Servius
894 3789 966 3848 Aen.
992 3783 1160 3865 v111288).
1216 3785 1262 3844 ln·

119 3903 287 3964 congruum
312 3879 416 3956 uisum,
440 3887 519 3968 quod
542 3887 611 3949 libri
635 3888 698 3950 Vlll
719 3890 803 3950 initio
826 3891 942 3966 signnm
967 3887 1036 3949 belli
1051 3890 1180 3957 Turnus,
1203 3906 1264 3948 non
1353 3917 1354 3920 ¹

120 4007 174 4049 rex
197 3987 321 4051 Latinus
343 3990 484 4051 Laurenti
508 3989 544 4050 ab
568 4008 637 4052 arce
660 3990 800 4051 extulisse
824 3991 939 4060 dicitnr,
965 4009 1024 4051 non
1046 3989 1263 4070 reputantibus,

119 4107 223 4169 regem
248 4109 348 4154 rerum
373 4091 504 4154 bubones
528 4092 686 4172 reliquisse
710 4093 770 4174 (Vll
793 4090 865 4168 600)
896 4102 925 4153 et
953 4096 1112 4154 convenire
1135 4093 1264 4153 leroeiae

120 4193 216 4254 Turni
245 4193 304 4255 tale
333 4212 448 4256 ausum.
499 4195 656 4274 Displicuit
683 4196 762 4275 qnod
791 4196 867 4276 aptud
898 4195 1069 4259 Euandrum
1099 4194 1266 4274 hospitibus

120 4293 260 4356 Troianis
282 4295 490 4375 praesentibus
512 4299 644 4359 carmine
660 4297 828 4359 celebratur
843 4299 950 4358 Troiae
966 4297 1112 4358 excidium
1130 4295 1265 4376 Herculis

59 4457 67 4468 ,
122 4394 191 4458 olirn
222 4399 329 4459 virtute
356 4399 467 4459 lactum
490 4394 674 4479 (vt11291),
703 4400 782 4480 quod
811 4399 988 4480 hymnorum
1016 4401 1131 4461 ratione
1157 4398 1265 4460 melius
