3038 4912
569 367 812 412 raonsuonnru.
1206 343 1266 410 143

119 547 193 603 strat
215 545 390 617 corruptam
413 555 479 600 esse
501 556 518 598 a
539 535 686 616 Vergilio,
716 537 767 617 qui
789 536 899 597 Dianae
920 536 1082 614 imaginem
1104 536 1135 595 in
1156 533 1229 596 Aen.
1253 535 1265 597 l

117 640 181 705 498
211 660 274 723 sqq.
306 640 341 702 ad
365 640 510 702 Didonem
538 638 734 702 transtulerit.
771 637 935 700 Luculento
963 639 1042 698 enirn
1064 636 1200 717 exemplo
1223 645 1267 698 est

122 763 210 824 quam
234 743 363 823 eleganti
385 749 415 802 et
437 743 497 802 acri
519 741 630 803 iudicio
656 741 726 821 quid
750 739 887 820 pulcrum
916 748 946 801 et
968 757 1069 801 verum
1093 749 1173 801 esset
1194 757 1263 819 per·

121 848 259 909 senserit.
311 844 372 906 Nec
401 843 560 924 quidquam
591 851 695 905 contra
725 841 821 904 valent
854 857 929 922 quae
958 841 1035 921 apud
1064 841 1200 903 Serrium
1229 840 1265 902 ad

120 947 276 1011 refutanda
299 945 379 1008 illius
403 930 527 1007 crimina
549 945 752 1026 proteruntur.

205 1049 368 1111 ‘Audisse’
396 1066 429 1109 se
451 1046 501 1107 illa
523 1045 753 1127 ‘endiscipulis
775 1044 883 1107 Valerii
905 1045 1015 1108 Probi’
1038 1043 1150 1108 Gellius
1169 1036 1264 1107 'adfir-

121 1161 190 1223 mat,
214 1151 421 1228 ‘solitum’que
444 1149 562 1212 doctum
579 1148 730 1212 bominem
746 1147 814 1210 talia
833 1147 984 1217 ‘dicere’;
1008 1166 1065 1209 nec
1079 1146 1266 1228 inprobabile

125 1263 169 1319 est
190 1254 274 1316 horis
296 1251 553 1334 postmeridianis,
582 1249 690 1329 quibus
712 1253 820 1312 ‘unum
844 1257 874 1311 et
895 1249 1020 1313 alterum
1043 1248 1088 1311 vel
1110 1268 1178 1312 eum
1200 1247 1265 1330 plu·

125 1358 218 1418 rimos
241 1364 303 1418 tres
325 1364 376 1417 aut
397 1361 537 1432 quattuor
559 1352 716 1414 admittere
738 1351 854 1414 solebat
876 1350 1047 1430 cubansque
1067 1353 1146 1414 inter
1160 1350 1265 1431 longos

124 1477 158 1520 ao
172 1457 316 1536 uolgarcs
337 1475 492 1517 sermones
514 1455 615 1534 legere
644 1453 805 1534 quaedam’
830 1454 961 1532 (Sueten.
990 1454 1027 1516 de
1054 1471 1178 1533 gramm.
1201 1449 1264 1534 24),

125 1559 205 1621 velut
218 1560 384 1623 Aenianum
407 1565 525 1639 poetam
549 1564 579 1619 et
601 1557 674 1618 baec
698 1575 734 1618 ex
748 1558 952 1636 praeceptoris
973 1575 1026 1618 ore
1050 1559 1189 1637 excipere
1210 1575 1264 1636 po·

125 1663 217 1723 tuisse
240 1668 270 1721 et
292 1661 370 1742 quod
393 1660 472 1721 idem
494 1662 526 1721 in
547 1658 624 1721 libro
646 1660 777 1720 noctium
801 1658 837 1720 vi
854 1657 925 1737 (vit)
948 1656 1048 1738 oapi
1070 1665 1197 1720 testatur
1219 1660 1265 1720 ‘se

124 1763 264 1826 audiente
286 1762 418 1824 Probum
441 1762 686 1838 grammaticum’
709 1760 815 1840 legisse
845 1779 879 1821 er
903 1759 999 1822 Plauti
1022 1759 1186 1824 Cistellaria
1215 1760 1261 1836 (cl.

123 1864 197 1928 Gell.
223 1860 368 1936 115,18
401 1859 530 1933 1111,5
562 1862 627 1925 Xiil
650 1857 712 1941 21).
758 1863 840 1935 Quae
862 1861 1081 1926 Kretzsehmeri
1110 1862 1157 1943 (de
1179 1860 1264 1923 Gellii

123 1967 209 2029 lontt.
233 1985 262 2048 p.
287 1963 339 2044 91)
363 1967 533 2027 coniectura
556 1965 691 2045 sequenti
714 1966 809 2044 capite
832 1963 881 2044 (ili
907 1961 955 2045 10)
979 1965 1184 2034 confirmatur,
1213 1963 1264 2024 ubi

122 2068 200 2130 idem
223 2070 375 2131 Annianus
398 2067 435 2128 de
458 2065 631 2145 Vergilianis
655 2064 790 2127 versibus
811 2069 883 2127 den.
899 2065 962 2126 Vili
977 2061 1146 2126 404-406
1160 2073 1262 2128 eontra

124 2173 276 2232 Annaeum
300 2171 465 2232 Cornutum
488 2169 626 2248 disputat.
679 2168 760 2239 Ouos
787 2185 854 2228 cum
877 2166 1007 2228 Probum
1036 2176 1066 2229 et
1091 2169 1189 2248 ipsum
1212 2166 1264 2228 ad·

124 2273 271 2334 nutavisse
291 2279 405 2334 certum
428 2273 467 2332 sit
489 2272 531 2332 eis
553 2287 629 2349 quae
652 2288 740 2350 supra
764 2268 882 2350 protuli,
906 2270 1007 2331 nescio
1030 2287 1067 2331 an
1081 2269 1131 2332 bic
1146 2287 1264 2350 quoque

122 2375 247 2435 Anniani
270 2382 373 2436 auctor
396 2372 509 2434 Probus
532 2373 629 2434 luerit.

207 2475 264 2536 Sed
288 2477 390 2556 quaeri
413 2474 516 2536 saltem
539 2473 649 2543 licebit,
673 2492 744 2536 num
767 2472 845 2536 lorte
861 2475 890 2535 in
906 2475 1128 2536 commentariis
1143 2491 1263 2554 quoque

121 2585 155 2639 ut
176 2577 256 2638 bunc
280 2595 315 2637 ex
338 2581 409 2639 den.
433 2576 500 2637 Vll}
519 2573 583 2637 404
606 2593 670 2656 sqq.
705 2577 744 2636 ita
772 2574 856 2637 illum
889 2596 925 2638 ex
948 2573 1044 2639 1498
1067 2593 1132 2658 sqq.
1165 2576 1263 2641 locum

122 2681 264 2758 tetigerit,
289 2687 319 2741 et
340 2697 411 2740 num
434 2679 511 2739 iorte
534 2679 618 2739 initio
641 2679 746 2758 rapitis
769 2677 818 2756 (ΙΧ
840 2675 869 2761 9)
893 2679 1012 2750 Gellius,
1036 2678 1087 2741 ubi
1108 2681 1174 2759 ipse
1196 2697 1262 2742 cum

123 2780 277 2842 Theocriti
300 2779 444 2860 exemplis
472 2781 588 2842 confert
615 2779 771 2843 bucolicon
794 2799 897 2842 versus
918 2780 957 2842 lli
980 2778 1022 2842 64
1042 2800 1085 2862 sq.
1110 2791 1140 2844 et
1161 2781 1200 2843 ix
1221 2778 1263 2843 23

120 2878 220 2953 -25,
244 2901 280 2944 ex
303 2883 416 2952 eodem,
441 2889 474 2943 ut
495 2881 579 2952 solet,
603 2883 685 2944 laute
706 2883 849 2945 hauserit.
1035 2963 1038 2968 Ι

206 2985 330 3046 Restant
352 2983 408 3046 alia
430 2983 538 3064 quibus
560 2991 654 3046 artem
677 2992 782 3064 poetae
797 2984 926 3046 Probum
943 3004 1046 3047 seuero
1060 2985 1171 3048 iudicio
1192 3003 1261 3066 per-

124 3095 286 3149 scrutatum
311 3105 377 3148 esse
405 3087 548 3147 evincitur
576 3086 659 3148 baec.
713 3087 820 3148 Parum
855 3089 915 3148 veri
947 3086 1053 3148 similia
1082 3074 1263 3167 (dudduvou
1385 3154 1391 3166 ,

122 3183 268 3268 πλάσμα)
293 3207 359 3268 esse
380 3187 521 3249 iudicavit
543 3205 618 3266 quae
640 3190 712 3251 Aen.
736 3188 775 3249 Xi
797 3185 860 3252 554
882 3205 946 3267 sqq.
970 3188 1007 3250 de
1030 3189 1149 3250 Camila
1172 3208 1262 3270 super

123 3289 243 3352 lluvium
267 3290 336 3351 olim
360 3309 375 3350 a
398 3297 482 3370 patre
505 3290 617 3352 vibrata
639 3298 798 3352 narrantur
814 3289 926 3370 (Sere).
956 3291 1018 3352 Nec
1032 3289 1104 3352 illud
1127 3293 1262 3354 criticum

123 3392 238 3470 lugisse
259 3393 430 3482 putaverim·
453 3392 532 3472 quod
560 3410 648 3471 supra
679 3393 842 3472 tetigimus,
876 3411 934 3453 non
968 3395 1039 3454 satis
1072 3393 1263 3474 explicavisse

123 3493 284 3572 Vergilium
306 3497 378 3557 den.
402 3493 442 3555 tx
462 3491 524 3555 367
547 3511 623 3572 sqq„
648 3494 719 3574 quid
742 3494 799 3556 sibi
821 3494 929 3558 vellent
950 3497 1125 3576 ‘praemissi
1146 3497 1263 3574 equites

102 3647 105 3651 .
124 3575 250 3657 ex⁸urbe
268 3595 399 3664 Latina',
424 3612 498 3674 qrros
513 3614 568 3658 nec
580 3598 686 3658 missos
702 3616 718 3659 a
734 3596 835 3658 Turno
847 3616 902 3658 nec
914 3616 973 3677 quo
989 3597 1111 3659 consilio
1122 3596 1167 3660 rel
1181 3598 1260 3682 unde

121 3697 167 3758 rel
192 3716 251 3776 quo
274 3699 357 3760 missi
379 3698 438 3758 sint
460 3716 599 3779 umquam
622 3697 738 3778 legitur.
784 3699 857 3762 Nam
880 3699 958 3777 quod
974 3699 1066 3762 scbol.
1082 3698 1262 3762 Veronensis
1375 3731 1380 3742 ·

119 3819 149 3879 p.
176 3797 348 3870 101,31t.
383 3799 458 3860 ‘hoc
485 3798 551 3860 loco
585 3799 743 3863 adnotant'
777 3802 872 3882 inquit
900 3801 1035 3864 ‘Probus
1062 3809 1091 3863 et
1112 3801 1262 3881 Sulpicius

121 3903 304 3992 contrarium
325 3900 369 3962 illi
392 3919 473 3963 esse:
498 3903 608 3983 saepsit
630 3921 662 3964 se
685 3905 771 3965 tectis
793 3921 954 3982 rerumque
969 3903 1089 3984 reliquit
1110 3904 1260 3968 habenas’

120 4001 181 4083 (Vll
202 3999 324 4084 600)*),
349 4011 579 4066 consentaneum
604 4013 648 4066 est
662 4005 792 4067 Probum
814 4005 891 4067 idem
915 4009 1023 4068 in'suo
1045 4006 1122 4069 libro
1142 4006 1260 4086 legisse,

122 4105 201 4186 quod
224 4108 253 4166 in
283 4105 420 4167 omnibus
448 4105 533 4168 bonis
562 4107 618 4168 dici
649 4115 750 4169 extare
773 4108 894 4170 Servius
915 4107 1091 4171 Parisiensis
1119 4116 1258 4172 testatur:

118 4261 419 4271 --—...-..„....-—.-—-

187 4345 213 4409 ΙΙ’)
234 4347 312 4410 Quae
331 4345 504 4400 antecedunt
529 4345 601 4399 ‘alio
620 4345 681 4400 loco
700 4346 823 4401 ostendit
845 4346 909 4401 illos
928 4363 945 4400 a
962 4346 1054 4401 Turno
1080 4349 1190 4400 missos’
1218 4347 1260 4399 sie

121 4431 275 4498 supplenda
293 4437 368 4484 sunt:
387 4437 471 4484 ‘nullo
490 4435 545 4485 alio
563 4433 640 4484 loco'
660 4449 683 4484 e.
698 4450 722 4498 q.
736 4451 758 4487 a.
