2956 4906
229 301 288 365 186
440 313 441 318 ’
673 325 915 367 rnonnoounun.

228 489 387 568 Vergilium
412 491 522 550 dixisse
545 493 736 552 dictamnum
758 509 786 570 g.
811 493 940 554 Cretaea
967 512 993 553 c.
1017 492 1054 554 ab
1077 493 1145 554 lda'
1176 493 1218 572 (ot
1248 504 1277 558 et
1300 499 1382 566 Ser·,

227 595 290 654 vius
315 599 440 653 testatur
463 600 492 652 et
514 595 609 654 nostri
636 592 705 654 libri
733 612 837 655 omues
866 593 1002 672 babentl:
1037 595 1132 674 ‘quod
1166 615 1261 675 usque
1296 600 1372 661 adeo

226 701 369 764 nonest,
400 703 433 754 ut
459 697 484 755 sl
512 696 666 775 sequentia
695 696 858 774 coniungas
885 697 935 756 liat
958 680 1087 757 vitiom'.
1138 698 1216 760 Satis
1239 699 1276 760 de
1299 720 1371 762 con-

226 798 358 856 iecturae
380 795 466 857 istius
488 794 587 856 indole
610 804 697 875 atque
720 799 835 875 origine
857 797 1016 877 disputavit
1036 799 1211 877 Wagnerus.
1256 784 1370 872 Cetera.

227 899 251 958 si
281 914 367 973 quam
402 897 438 958 ad
473 905 586 958 textum
620 898 859 960 constituendum
888 900 1005 978 frugem
1034 899 1153 963 adierre
1181 902 1371 973 videbuntur,

227 998 292 1060 aliis
314 998 420 1077 reliqui
444 999 628 1061 excutienda.
661 1067 665 1076 f

748 1287 771 1367 g
797 1286 844 1349 16.

311 1510 504 1582 Carminium,
529 1510 615 1569 cultis
637 1517 719 1571 aetas
741 1509 917 1571 certioribus
940 1512 1075 1571 terminis
1097 1528 1186 1588 quam
1201 1512 1280 1572 iuter
1296 1510 1370 1572 Pru·

226 1609 297 1670 bum
321 1618 350 1669 et
372 1609 507 1671 Servium
530 1599 656 1671 saeculis
679 1611 796 1672 deliniri
818 1611 935 1691 nequit,
966 1621 998 1672 ut
1020 1614 1098 1673 inter
1121 1620 1371 1673 commentatores

226 1710 411 1790 Vergilianas
433 1731 541 1791 ponam
563 1714 690 1774 maxime
713 1713 782 1775 iacit
804 1712 839 1773 ad
862 1715 933 1775 den.
960 1712 994 1773 Vl
1017 1709 1080 1774 862
1102 1713 1263 1774 adnotatio.
1297 1715 1371 1776 Nam

225 1812 295 1873 licet
316 1815 452 1884 sciamus,
478 1814 603 1875 eundem
626 1833 693 1875 cum
716 1817 754 1875 de
775 1817 992 1877 elocutionibus
1007 1814 1165 1894 disputavit
1179 1818 1371 1896 praecepisse

227 1923 371 1991 utrosque
388 1918 511 1992 palmos
533 1916 692 1994 aVergiliu
715 1920 786 1977 Aen.
811 1916 834 1975 V
854 1912 918 1977 233
942 1917 1044 1977 vitiose
1067 1916 1179 1976 dictum
1202 1935 1268 1978 esse
1293 1917 1371 1996 (Ser-

138 2003 141 2014 ’
181 2057 186 2068 ,
228 2016 333 2110 vius'l.
357 2016 414 2096 l.*)
438 2018 474 2077 cl.
499 2018 578 2078 idem
601 2018 637 2079 ad
660 2014 742 2097 193)
766 2020 847 2078 etin
870 2016 1279 2079 librodcltoliesecundo
1310 2017 1373 2080 cul·

227 2129 342 2179 trorum
365 2137 527 2180 aeneorum
550 2139 636 2180 usum
660 2120 896 2199 antiquissimum
913 2120 1084 2180 memoratis
1099 2120 1226 2180 iactasse
1248 2118 1374 2180 falcibus

228 2239 345 2300 quoque
374 2223 457 2282 aenis
479 2220 599 2298 Vergilii
621 2225 692 2282 den.
717 2220 770 2281 llll
791 2216 854 2282 513
883 2220 969 2280 docte
998 2221 1171 2300 exposuisse
1196 2219 1375 2302 (Macrobius

228 2322 335 2384 SatV
360 2320 408 2392 19,
439 2320 503 2400 13);
537 2340 629 2401 perro
663 2322 732 2383 llcet
765 2340 821 2382 nec
854 2329 972 2401 etymon
1006 2323 1086 2382 vocis
1119 2338 1245 2382 amoena
1279 2321 1375 2400 (quasi

228 2422 357 2501 amunia)
382 2425 552 2484 necessario
575 2423 610 2485 ad
634 2425 705 2485 den.
730 2422 752 2481 V
775 2419 838 2483 734
859 2421 904 2482 vel
922 2423 957 2483 Vl
972 2419 1034 2484 638
1057 2423 1217 2502 protulisse
1241 2423 1374 2501 (Servius

227 2528 300 2586 Aen.
325 2521 445 2586 v1638
468 2524 505 2585 cl.
528 2524 607 2585 idem
630 2523 666 2584 ad
689 2526 712 2585 V
736 2521 807 2600 734)
832 2543 887 2584 nec
909 2523 1000 2584 Probi
1023 2523 1260 2584 emendationem
1284 2522 1375 2602 l‘pla-

229 2626 386 2703 nidumque
409 2627 512 2705 petivit
534 2627 668 2703 coniugis
690 2617 827 2698 infusum
850 2625 963 2702 gremio
985 2642 1039 2704 per
1061 2623 1194 2686 membra
1218 2627 1374 2703 soporem'

229 2731 301 2791 den.
327 2727 392 2788 Vlll
413 2724 487 2805 406)
516 2729 547 2788 in
576 2728 789 2787 commentario
817 2727 1005 2804 potissimum
1028 2725 1174 2787 Aeneidos
1204 2725 1376 2804 probavisse

231 2830 361 2909 (Servius
384 2829 419 2890 ad
441 2828 460 2888 l.
485 2827 515 2906 l.)
539 2829 712 2889 statuendus
735 2830 789 2888 sit:
819 2835 918 2888 umen
947 2845 1035 2887 unam
1065 2826 1145 2888 illam
1174 2827 1215 2912 de
1234 2825 1381 2888 llarcellov

229 2929 502 2992 adnotatiunculam
518 2930 552 2990 ad
568 2932 640 2992 Aen.
658 2925 770 2990 v1862
793 2931 963 3006 ‘egregium
986 2928 1081 2988 lorma
1105 2931 1241 2988 iuvenem
1265 2936 1293 2988 et
1314 2928 1373 2988 lul·

229 3032 368 3111 gentibus
390 3027 491 3116 armis]
516 3033 572 3093 tria
595 3039 664 3092 sunt
678 3029 842 3092 secundum
858 3030 1053 3102 Carminium:
1078 3028 1268 3108 pulchritudo
1292 3036 1373 3090 aetas

188 3161 190 3165 ·
229 3135 338 3194 virtus'
382 3152 471 3212 aegre
506 3133 578 3193 mibi
614 3131 778 3211 persuadeo
813 3133 870 3192 aliu
905 3130 1028 3192 consilio
1063 3132 1120 3191 nisi
1150 3131 1244 3210 ipsius
1276 3137 1378 3199 textus

230 3235 398 3297 illustrandi
422 3254 511 3297 causa
533 3236 716 3314 propositam
741 3223 844 3295 essda
867 3234 1026 3296 Carminio.

755 3517 778 3598 g
803 3516 852 3579 17.

318 3741 470 3822 Singulari
493 3739 712 3802 commentandi
735 3747 798 3800 arte
821 3747 849 3801 ot
871 3741 987 3801 ratione
1002 3759 1074 3800 usus
1090 3747 1136 3800 est
1150 3739 1254 3812 Rufos
1269 3739 1379 3798 Festos

232 3848 373 3920 Avienus,
398 3844 534 3921 ‘gemino
557 3840 744 3922 proconsulis
766 3849 870 3902 auctus
892 3842 1035 3911 honore',
1059 3842 1142 3903 cuius
1159 3846 1284 3901 aetatem
1300 3840 1379 3899 intra

302 4214 324 4280 ‘l
345 4215 486 4282 Siquidem
506 4217 645 4266 Carminius
663 4219 719 4266 est:
737 4231 801 4265 nam
820 4215 956 4280 carpentur
974 4213 1104 4264 scribitur
1121 4214 1193 4263 teste
1213 4210 1245 4261 G.
1259 4209 1379 4260 'l'hilone

234 4305 263 4353 in
282 4299 445 4353 Caesellane
465 4305 493 4351 et
510 4301 671 4352 Florentino
689 4299 756 4354 bibl.
778 4299 863 4350 Setae
877 4298 976 4349 Crucis
993 4296 1064 4364 plut.
1076 4297 1154 4346 XXII
1171 4311 1197 4349 n.
1220 4299 1231 4344 l
1253 4295 1300 4359 qui
1316 4303 1381 4345 'see-

236 4387 290 4442 culi
308 4387 332 4438 X
351 4391 401 4446 est,
422 4387 529 4452 Carpine
546 4387 576 4435 in
594 4386 756 4447 Basilicam,
777 4385 884 4450 Caspius
902 4385 931 4433 in
949 4379 1177 4446 Guelferbytanae.
