2956 4906
527 351 770 398 nnouunouunn.
1159 331 1221 396 267

177 539 222 599 ge.
248 521 259 581 Ι
285 518 346 584 135
369 522 417 582 ΕΤ
440 529 472 581 ut
494 520 583 582 voluit
605 521 785 600 Wagnerus:
816 521 893 598 quod
918 529 1015 582 tamen
1038 521 1146 580 frustra
1171 519 1221 580 de·

369 623 497 684 i'endisse
525 623 642 684 videtur
670 624 702 684 Ε.
732 623 926 684 Hoffmannus
955 622 975 684 l.
1005 621 1035 690 1.,
1065 623 1116 699 qui
1143 621 1221 701 quud

364 723 518 785 ‘torrendi
538 724 644 785 samis’
672 733 764 785 antem
795 723 953 801 significari
982 723 1039 784 hue
1053 741 1148 804 ¹versu
1171 724 1221 790 ait,

365 825 465 888 intulit
497 825 575 906 quod
614 845 756 905 nusquam
790 825 907 904 legitur.
964 826 1063 887 Manat
1096 824 1221 904 triplicis

363 927 594 990 homoeoteleuti
622 929 803 990 extunderet
831 934 933 1005 artes,
967 933 1127 1003 quaereret
1155 928 1223 987 her-

364 1032 447 1100 bam,
481 1033 647 1093 excuderet
674 1033 772 1106 ionem
800 1029 925 1090 molesta
952 1028 1144 1089 conformitas
1167 1047 1223 1088 nec
1347 1043 1348 1048 ¹

366 1133 486 1193 omnino
510 1132 546 1192 de
569 1129 636 1193 ciba
650 1131 791 1211 parando,
815 1130 866 1192 sed
889 1131 926 1191 de
949 1132 1012 1208 agri
1034 1128 1151 1191 colendi
1175 1148 1222 1190 ar-

367 1234 446 1295 tibus
468 1236 498 1295 in
521 1234 580 1295 hoc
601 1233 678 1295 libro
701 1234 813 1312 agitur,
845 1239 877 1293 ut
900 1233 1070 1294 etiamnunc
1091 1234 1223 1312 interpo-

364 1335 455 1398 latum
478 1336 601 1398 habeam
626 1353 754 1396 versum.
1144 1343 1145 1346 ’
1249 1417 1250 1420 ¹

282 1434 463 1500 13777171]
491 1437 570 1515 quod
599 1438 691 1498 miror
715 1437 746 1497 E.
771 1437 981 1498 Hoffmannum
1009 1433 1029 1495 l.
1060 1435 1078 1496 1.
1107 1455 1137 1515 p.
1163 1432 1223 1497 138

370 1538 546 1600 defendisse.
578 1540 641 1617 Ego
657 1538 853 1599 differentiam
872 1540 1034 1600 intentatae
1052 1537 1103 1616 i:
1117 1541 1223 1616 tunice)

368 1648 397 1702 et
418 1650 479 1703 tum
502 1639 613 1701 nullam
640 1641 727 1701 video
755 1641 811 1701 nisi
841 1640 919 1717 quud
946 1638 997 1700 illa
1019 1641 1118 1700 acrius
1139 1658 1224 1699 mun·

369 1749 486 1804 stratur.
532 1743 612 1820 urgo
633 1743 717 1802 initio
741 1743 905 1803 sententiae
930 1759 955 1802 v.
982 1737 1222 1821 1361801860-

367 1845 456 1905 situm
487 1852 533 1906 est
566 1852 637 1906 tune
659 1846 761 1918 ulnus,
792 1844 822 1903 in
851 1843 958 1904 cetenis
987 1839 1128 1903 membris
1151 1860 1222 1913 enu-

368 1947 540 2008 merationis
578 1944 715 2006 omnibns
748 1941 818 2007 137.
857 1940 927 2005 139.
963 1940 1033 2004 143.
1070 1940 1131 2004 145
1163 1951 1224 2004 tum

368 2046 488 2108 voculae
509 2048 593 2108 locus
622 2054 694 2107 erat.
745 2046 789 2107 Ne
817 2044 941 2108 auribus
971 2044 1091 2124 quidem
1118 2046 1224 2124 peritis

325 2223 330 2232 .
366 2157 439 2210 tune
459 2151 553 2210 stellis
575 2147 713 2228 placebit.
735 2225 742 2235 .

287 2247 348 2313 138
361 2249 541 2312 ‘Pinianus

366 2353 522 2414 unuln-
557 2349 721 2428 (dubitandi
754 2352 870 2428 signum
904 2325 1041 2430 adposuit
1078 2350 1220 2418 Peninus,
1335 2409 1339 2426 ,

365 2454 418 2516 sed
446 2455 632 2515 confirmavit
665 2451 737 2513 mihi
766 2455 944 2531 scripturam
973 2471 1026 2513 suo
1054 2453 1223 2512 testimonio

367 2556 451 2635 Hugo
474 2553 636 2634 Hinckius).

284 2654 343 2718 146
365 2657 555 2719 lunnussvs
577 2658 688 2718 Atina

367 2759 538 2820 SVRGENS
560 2760 672 2820 AMIP

364 2861 556 2923 nuunsms
577 2862 680 2922 Antei

283 2961 343 3026 152
366 2961 534 3024 CARDVVS
556 2964 731 3041 AMPBybe

284 3062 344 3126 155
366 3063 521 3126 Tunnml
544 3066 638 3125 Anca

283 3163 343 3228 159
365 3166 561 3228 sumvunn
583 3167 640 3226 An

283 3266 342 3331 161
366 3271 430 3330 sine
453 3267 522 3348 nec]
548 3267 655 3328 SlNEC

365 3369 499 3432 uussls
521 3371 578 3429 ΑΡ

282 3471 343 3535 163
365 3471 550 3534 ELEVSINE

282 3571 342 3636 164
364 3573 514 3662 intutu
537 3579 570 3633 ut
591 3573 719 3635 Nonius:
743 3572 786 3648 ef.
811 3574 887 3652 Mye

282 3673 342 3738 165
364 3674 497 3737 01an
521 3677 606 3753 ΑΜγ

364 3776 532 3839 SVPPLEX

281 3877 341 3941 166
364 3878 525 3940 uisum
547 3879 676 3959 AMPys

280 3978 339 4043 167
362 3980 522 4042 PROVISA
544 3982 693 4060 Amnyuc

281 4080 341 4145 168
363 4083 520 4145 ΜΑΝΕΝΤ
565 4123 567 4132 1

281 4182 342 4247 170
363 4185 520 4248 necuim
543 4189 606 4248 Ab!

281 4285 339 4348 171
364 4287 461 4357 sunt,
486 4307 635 4368 suprascr.
659 4308 697 4350 m.
722 4288 824 4349 eadem
848 4289 894 4350 PE

186 4373 192 4382 ⁹
281 4385 342 4450 173
364 4407 408 4466 sq.
432 4389 489 4450 hou
513 4390 617 4451 ordine
641 4400 672 4451 ut
693 4392 786 4452 ceteri
808 4389 877 4452 libri
