2956 4906
619 349 624 352 “
686 345 929 386 Ptrouudommaa.

762 627 785 708 s
811 625 870 711 18..

325 817 386 880 Neu
407 836 531 896 prorsus
553 815 590 878 ab
613 816 660 877 bis
686 814 932 895 peroppaoroiv
959 813 1064 876 studiis
1091 814 1204 876 alienae
1232 818 1388 878 declamo-

239 924 334 982 tiones
355 918 510 980 rhetorum
532 921 663 988 luerunt,
687 919 737 996 qui
752 919 885 978 tbemoto
905 920 1181 980 controversiarum
1204 935 1238 978 ex
1256 917 1388 996 Vergilio

240 1021 427 1083 ‘elicuerunt
449 1030 479 1081 et
500 1019 741 1081 adiormaverunt
763 1018 799 1080 ad
818 1015 947 1080 quenti
975 1023 1078 1080 usum’
1110 1019 1240 1094 (Servius
1262 1021 1335 1084 den.
1361 1021 1387 1082 X

241 1120 301 1199 18).
346 1122 421 1183 Nam
443 1129 598 1183 veneratos
622 1139 687 1182 esse
709 1121 859 1182 Romanos
880 1119 1042 1197 Vergilium
1067 1127 1214 1197 tamquam
1237 1120 1285 1182 vel
1302 1121 1385 1182 Cice·

239 1243 312 1286 rone
340 1226 588 1304 praestantiorem
618 1223 804 1303 eloquentiae
826 1223 1016 1300 magistrum,
1045 1221 1101 1282 soli
1123 1221 1252 1282 Homero
1281 1226 1385 1302 aequi-

238 1325 416 1406 parabilem,
446 1327 517 1388 satis
546 1325 633 1386 docet
655 1343 690 1384 oa
712 1323 854 1385 blacrobii
877 1321 1086 1385 Saturnalibus
1115 1322 1191 1384 liber
1219 1324 1272 1384 llll
1300 1323 1386 1399 (ccl

241 1423 291 1497 24,
317 1423 367 1487 14.
391 1428 493 1488 Vinit.
517 1429 588 1487 item
612 1424 746 1504 dialogus
768 1425 806 1487 de
827 1431 903 1486 orat.
925 1421 987 1502 20).
1019 1424 1161 1504 Exemplo
1178 1431 1223 1486 est
1244 1426 1324 1504 quod
1348 1426 1385 1487 ad

238 1531 310 1590 deo.
328 1529 352 1589 X
373 1525 436 1590 532
452 1528 572 1589 Servius
594 1527 725 1588 colorem
748 1526 932 1588 rhetoricum
954 1534 1169 1587 commemorat
1192 1544 1248 1604 quo
1264 1531 1385 1589 Aeneae

238 1646 416 1709 responsum
441 1625 597 1690 tractatum
622 1637 680 1690 est:
712 1627 875 1708 ‘inprobus
904 1645 936 1688 es
967 1629 1015 1707 qui
1045 1635 1095 1688 aut
1123 1630 1187 1705 regi
1216 1628 1310 1690 dones
1333 1640 1386 1690 aut

238 1730 313 1792 filios
325 1730 516 1792 exheredes’.
540 1730 729 1792 Praeclarum
745 1749 815 1791 veru
831 1731 1041 1790 controversiis
1056 1729 1270 1807 componendis
1285 1729 1385 1790 lucum

240 1834 362 1892 Veneris
385 1840 415 1892 et
437 1833 558 1893 lunonis
581 1832 649 1895 libri
671 1838 743 1893 Aen.
768 1831 792 1892 X
819 1833 903 1892 iuitio
926 1829 1079 1890 altercatio
1103 1829 1192 1900 dedit,
1221 1848 1309 1908 quem
1333 1849 1385 1891 ex·

239 1942 419 1994 ornaverunt
443 1935 592 2009 Titianus,
616 1934 715 1994 ‘landi
737 1935 843 1994 artilex
851 1937 872 2003 ',
897 1932 946 2009 qul
968 1932 1092 1992 Ausonii
1114 1940 1210 1992 aetate
1225 1934 1386 2010 Aesopicas

238 2033 352 2096 tabulas
380 2033 513 2114 pedestri
542 2036 610 2096 stilo
642 2037 728 2096 vertit
752 2033 871 2112 (busun.
901 2035 1000 2112 epist,
1015 2029 1062 2100 16,
1087 2030 1129 2094 74
1150 2051 1214 2112 sqq.
1239 2043 1268 2093 et
1283 2034 1384 2112 prael

238 2121 323 2215 epist.
347 2135 385 2197 cl.
401 2138 521 2198 Vossius
544 2137 580 2198 de
604 2137 671 2197 bist.
687 2136 799 2196 Latinis
820 2135 846 2196 ll
871 2133 909 2211 1),
934 2141 963 2194 et
980 2137 1099 2204 Calvus,
1124 2143 1156 2194 ut
1177 2137 1207 2195 in
1223 2135 1386 2212 Reginensi

240 2234 331 2307 1674,
360 2239 421 2298 sive
445 2241 601 2300 Catulinus
629 2239 745 2298 rectius
769 2239 799 2298 111
822 2237 956 2298 Parisino
980 2232 1062 2297 7929
1085 2236 1178 2297 Servii
1206 2235 1242 2296 ad
1265 2239 1335 2296 Aen.
1360 2237 1386 2298 Χ

240 2336 279 2400 18
302 2338 452 2410 scribitur,
477 2339 608 2417 aequalis
630 2337 717 2408 illius,
741 2339 772 2398 ni
794 2337 890 2399 lallor.
927 2337 1054 2398 Sanctus
1069 2339 1250 2415 Augustinus
1265 2355 1387 2416 quoque

236 2459 312 2519 puer
336 2440 453 2501 saeculo
485 2447 590 2518 quarto
618 2439 717 2499 medio
744 2441 776 2500 in
799 2438 935 2500 Numidia
965 2438 1071 2500 solutis
1098 2439 1197 2500 verbis
1226 2439 1325 2498 dicere
1353 2441 1386 2499 lu

238 2540 338 2601 schola
361 2541 523 2619 cogebatur
547 2559 622 2618 quae
645 2538 780 2601 versibus
802 2539 948 2617 Vergilius
971 2549 1180 2610 exornaverat,
1206 2539 1285 2599 velut
1307 2541 1384 2600 iras-

239 2643 333 2702 centis
355 2643 384 2702 in
407 2643 506 2721 primo
527 2640 666 2704 Aeneidis
695 2640 770 2701 libro
794 2639 844 2721 (37
868 2641 944 2720 sqq.)
972 2640 1093 2703 lunonis
1122 2640 1210 2702 verba
1246 2641 1385 2720 (contess.

239 2743 252 2802 l
280 2741 337 2822 17).
744 2733 749 2742 ’

323 2844 465 2905 Versibus
487 2846 650 2923 composita
673 2845 805 2905 themata
834 2847 1013 2920 Verpiliono
1037 2849 1136 2904 extant
1159 2843 1384 2922 inantbotogia

238 2946 340 3006 Latina
364 2935 525 3006 Bnrnranni
547 2945 598 3007 lib.
623 2947 635 3006 l
658 2965 739 3008 uunr.
766 2943 825 3007 108
848 2947 896 3006 ‘iu
912 2947 1042 3006 beraeam
1064 2946 1178 3024 patrios
1199 2953 1324 3022 penates
1350 2965 1386 3006 ex

238 3049 345 3110 Troiae
362 3047 500 3108 incendio
516 3063 590 3108 cum·
599 3054 684 3126 patre
700 3049 884 3110 auferentem
893 3052 912 3116 ’,
940 3044 999 3106 110
1014 3045 1051 3106 de
1066 3047 1244 3115 Laocoonte,
1263 3044 1324 3106 114
1339 3065 1385 3124 sq.

238 3150 275 3211 de
297 3148 439 3218 Pallante,
466 3146 526 3210 116
549 3149 586 3210 de
608 3150 710 3210 'l'urno
733 3159 762 3210 et
784 3148 926 3218 Pallante,
955 3145 1014 3208 118
1037 3148 1074 3207 de
1098 3146 1239 3226 Euryalo.
1265 3143 1326 3207 119
1348 3147 1387 3208 de

237 3251 308 3312 Niso
331 3257 360 3310 et
381 3249 518 3328 Euryalo,
545 3248 605 3314 173
629 3251 749 3312 llidonis
772 3249 808 3312 ad
830 3251 950 3311 Aenean
974 3249 1097 3328 epistola
1121 3247 1294 3327 (secundum
1311 3251 1386 3311 Aen.

238 3353 292 3413 llll
316 3348 379 3412 304
402 3371 465 3431 sqq.
489 3349 552 3414 365
577 3356 663 3431 sqq),
698 3353 826 3431 denique
849 3353 998 3412 orationes
1023 3347 1085 3411 174
1108 3350 1231 3411 llidonis
1254 3349 1289 3409 ad
1313 3351 1388 3411 Aen.

238 3452 291 3512 llll
311 3448 373 3514 365
396 3469 460 3531 sqq.
486 3453 665 3532 exemplum,
692 3451 751 3514 175
774 3453 877 3514 Sancis
892 3452 1055 3514 secundum
1070 3455 1142 3513 den.
1159 3449 1405 3529 lll1653sqq.,*

241 3550 301 3614 176
322 3554 441 3614 Aeneae
464 3553 722 3615 secundumden.
746 3553 784 3614 lll
805 3550 879 3615 315.

323 3654 462 3722 Ceterum
486 3654 563 3716 hanc
586 3654 830 3716 scholasticorum
857 3655 1034 3716 industriam
1062 3656 1149 3716 etiam
1173 3654 1208 3715 ad
1232 3656 1295 3732 ipsa
1312 3656 1385 3717 Ver·

238 3755 300 3832 gilii
324 3757 454 3816 carmina
485 3756 692 3837 interpolanda
726 3757 852 3817 multum
887 3756 1062 3818 contulisse
1080 3756 1220 3837 proclivis
1254 3758 1386 3835 suspicio

239 3866 292 3919 est.
348 3858 441 3929 Quam
471 3866 570 3919 autem
598 3861 656 3920 iarn
686 3878 701 3920 a
730 3855 855 3920 sa'eculis
877 3858 946 3918 inde
966 3857 1098 3920 secundo
1125 3866 1155 3918 et
1177 3859 1264 3918 tertio
1290 3875 1386 3936 usque

239 3958 275 4018 ad
299 3966 414 4018 sextum
437 3959 579 4038 frequens
601 3961 693 4022 luerit
715 3960 931 4039 elegantiorum
956 3961 1042 4020 etiam
1072 3959 1226 4020 bominum
1255 3959 1385 4021 studium

239 4061 421 4121 carminibus
438 4062 614 4140 Vergiliauis
637 4081 695 4123 non
719 4063 818 4124 minus
834 4080 920 4139 quam
937 4061 1102 4126 Homericis
1118 4059 1154 4120 ad
1172 4054 1384 4122 va1·ialusuum

238 4181 349 4242 genera
372 4161 529 4232 abutendi,
560 4166 686 4243 primum
719 4163 904 4224 demonstrat
928 4162 1024 4224 Osidii
1045 4165 1140 4222 Getae
1162 4181 1177 4220 a
1201 4160 1385 4222 Tertulliano

239 4265 275 4324 de
308 4264 592 4344 praescriptionibus
620 4264 682 4324 adv.
714 4266 882 4325 haereticos
911 4283 936 4322 c.
966 4261 1008 4325 39
1037 4270 1155 4343 praeter
1184 4260 1238 4323 alia
1268 4262 1383 4323 laudata

239 4366 402 4442 tropoediu
423 4369 602 4428 centonario
625 4367 734 4428 Medae
759 4364 877 4443 (anthol.
904 4364 966 4426 Lat.
998 4365 1007 4424 l
1037 4362 1097 4425 178
1122 4366 1152 4424 Β.
1177 4392 1219 4418 -·;
1240 4361 1304 4426 235
1325 4365 1384 4444 Μ.),
