2962 4904
527 391 772 435 rnoosoonsns.
1180 371 1220 437 63

74 559 172 621 vacuis
194 560 325 620 imitatos
347 560 450 628 luisse,
474 566 586 619 1001000
609 570 727 638 poetam
750 568 885 620 nostrum
909 561 1066 638 indaginem
1083 582 1166 623 strauu
1184 563 1219 622 de

73 662 199 723 Tantalo
223 661 421 721 exornavisse.
467 666 504 720 nt
526 660 633 722 desunt
654 660 776 722 llumina
799 662 926 722 sitientis
949 681 964 722 a
989 661 1079 723 labris
1103 665 1218 742 lugien-

73 765 123 833 tia,
147 781 223 844 quae
246 765 297 843 qul
313 761 467 823 Tantalum
490 764 640 842 positurus
663 769 735 831 erat,
760 781 818 822 non
835 765 998 824 omisisset:
1021 782 1055 824 ac
1072 783 1109 825 nc
1124 767 1219 845 ipsum

75 865 193 945 quidem
217 883 328 926 nomeu
351 866 416 926 eius
437 866 474 923 in·
493 872 574 925 textu
598 873 700 925 nostro
724 863 841 942 legitur.
891 865 970 943 Ergo
994 866 1115 926 mutilus
1138 865 1222 929 locus

74 975 118 1028 est
139 968 201 1028 sive
225 967 350 1046 abipso
373 975 459 1046 poeta
483 964 605 1027 relictus
629 967 689 1027 sive
712 965 900 1027 librariorum
924 967 1009 1046 culpa
1027 969 1130 1029 lactus.
1160 969 1221 1029 Nec

75 1068 162 1148 plura
187 1086 274 1146 quam
306 1087 361 1128 nos
389 1068 460 1146 legit
487 1074 538 1128 aut
566 1069 617 1147 qui
640 1065 728 1128 Probi
758 1069 876 1129 nornine
905 1071 984 1129 venit
1007 1078 1221 1131 commentator

72 1178 125 1231 aut
147 1173 197 1248 qui
220 1171 336 1249 primus
359 1169 439 1248 quod
455 1171 485 1229 in
503 1170 620 1246 MPybc
636 1175 665 1228 et
687 1187 703 1228 a
726 1172 905 1230 correctoris
922 1189 1010 1231 manu
1025 1173 1055 1231 in
1072 1175 1102 1231 F
1115 1191 1139 1231 v.
1156 1169 1219 1232 602

70 1281 152 1333 estat
186 1274 276 1347 ‘paros
304 1290 394 1350 super
421 1279 484 1332 atra
512 1269 603 1330 silex’
632 1271 767 1350 scripsit,
800 1289 866 1331 cum
901 1271 981 1332 solus
1004 1274 1033 1333 R
1060 1275 1220 1350 genuinum

69 1392 130 1450 qno
153 1375 333 1437 serraverii..
371 1371 484 1444 Quibus
506 1379 605 1433 tamen
629 1373 805 1452 prudentior
828 1373 947 1434 Servius
975 1374 1019 1435 vel
1049 1377 1075 1434 is
1105 1377 1156 1451 qui
1184 1373 1219 1435 ad

69 1495 96 1535 v.
120 1472 184 1536 603
207 1473 324 1536 Tantali
347 1473 476 1535 tabulam
500 1475 630 1534 narravit
653 1473 730 1552 (riam
747 1477 843 1535 Acron
867 1473 902 1534 ad
924 1475 995 1536 llor.
1020 1495 1109 1536 carm.
1134 1476 1146 1536 l
1168 1475 1220 1544 28.

69 1575 89 1638 7
112 1576 311 1656 interpolatus
334 1581 389 1654 est)
412 1593 473 1637 non
497 1575 709 1636 dubitaverunt
730 1577 802 1655 quin
825 1575 915 1646 bunc,
939 1595 998 1638 non
1023 1578 1122 1638 lxiona
1147 1578 1220 1638 l'iri·

69 1679 236 1756 tlvoumque
260 1679 487 1757 signillcavisset
510 1677 664 1754 Vergilius,
689 1695 745 1754 nec
767 1679 890 1738 omnino
912 1677 1124 1748 dubitandum,
1149 1684 1219 1760 qvvin

68 1781 222 1841 doctiores
250 1791 383 1841 veterum
412 1781 600 1859 interpretes,
630 1779 745 1840 etiamsi
773 1797 833 1840 non
857 1780 1018 1857 integriora
1047 1800 1135 1859 cruam
1165 1802 1220 1842 mn

69 1881 208 1960 legerint,
239 1889 319 1942 certa
348 1883 517 1943 coniectura
546 1881 627 1942 ducti
654 1887 783 1942 mentem
813 1889 917 1960 poetae
944 1883 983 1942 ita
1008 1882 1218 1964 suppleverint.

68 1991 104 2044 nt
126 1984 192 2062 ipso
215 1985 299 2044 initio
323 1983 413 2044 buius
436 1982 492 2043 loci
515 1989 640 2042 stantem
666 1980 710 2042 vel
732 1990 765 2042 ut
787 1984 909 2043 Servius
934 1983 1022 2044 tradit
1044 1987 1072 2045 in
1090 1985 1218 2045 Eridano

70 2084 115 2145 vel
139 2085 490 2146 secundunrtlomerum
517 2085 548 2145 in
572 2091 692 2162 stagno,
723 2084 801 2165 quod
825 2091 958 2145 mentum
983 2087 1109 2146 sitientis
1132 2089 1219 2147 attin·

67 2194 163 2266 geret,
188 2186 240 2248 sed
264 2194 432 2267 captantem
456 2184 685 2264 subterfugeret,
710 2188 860 2265 expressis
882 2186 980 2246 verbis
1003 2207 1217 2249 0000000000-

69 2299 170 2350 lurum
194 2288 286 2349 luisse
310 2296 427 2367 poetam
458 2295 631 2348 statuerent.
683 2288 823 2350 Ceterum
846 2287 1000 2368 Lapitlvas,
1030 2308 1105 2368 qrvos
1134 2294 1221 2350 uncis

69 2388 273 2459 circumclusi,
298 2388 383 2450 lacilc
407 2389 569 2450 concedam
593 2397 744 2468 separatos
772 2409 787 2449 a
817 2389 900 2450 silico
929 2391 1083 2470 epulisque
1110 2410 1165 2470 prr
1187 2411 1219 2451 se

69 2491 143 2554 nihil
171 2490 283 2552 habere
311 2509 370 2570 quo
398 2490 589 2570 displiceant,
625 2499 713 2569 atque
748 2491 854 2552 borum
884 2509 1002 2572 quoque
1038 2496 1218 2554 mentionem

69 2594 159 2674 pemlo
183 2593 368 2674 splendidius
390 2594 516 2654 tortasse
538 2595 599 2653 sive
623 2601 834 2654 exornatarum
858 2595 950 2655 luisse
973 2595 1135 2673 Vergilium
1158 2598 1219 2655 sivo

69 2699 98 2757 in
122 2694 232 2757 scheda
255 2695 382 2774 quadam
405 2694 559 2775 deperdita
582 2697 781 2756 exornavisse.
801 2698 908 2773 ‚Aptius
932 2707 1027 2757 tamen
1052 2698 1127 2758 intra
1150 2716 1217 2758 eum

69 2797 181 2858 'lhesei
205 2800 349 2859 memoria
374 2797 409 2876 (v.
426 2794 498 2876 618)
523 2805 553 2856 01
567 2796 708 2876 Lapithae
732 2805 761 2858 et
775 2798 926 2859 l‘iritlvous
949 2798 1217 2876 coniungebantur.

70 2901 143 2962 Nam
172 2901 284 2961 lxionis
319 2917 435 2979 (puroque
468 2917 564 2978 poena
598 2901 663 2977 ipso
697 2899 764 2960 loco
794 2901 828 2980 (v.
852 2897 925 2977 616)
956 2903 1086 2978 tangitur
1115 2920 1216 2980 00000-

68 3021 159 3084 quam
184 3004 306 3063 nomine
331 3004 457 3062 omisso:
483 3000 649 3080 ‘radiisque
673 3009 804 3063 rotarum
827 3001 953 3063 districti
976 3003 1135 3082 pendent'

154 3103 267 3166 Contra
304 3105 382 3164 inter
417 3101 593 3190 tabellarum
623 3105 750 3182 ineptias
777 3105 875 3164 relero
910 3105 987 3183 vpvvod
1018 3104 1086 3165 dum
1114 3107 1220 3166 recitat

70 3215 156 3286 poeta
181 3207 241 3267 duo
264 3205 450 3268 bcmisticbia
476 3202 537 3266 164
564 3205 640 3284 ‘quo
668 3224 727 3266 non
757 3207 955 3286 praestantior
984 3207 1074 3266 alter’
1105 3205 1219 3267 01166

68 3311 273 3388 ‘blartemque
296 3307 461 3369 accendere
484 3313 590 3369 cavrtu’
615 3307 713 3368 calore
736 3308 831 3370 elatus
854 3308 1039 3388 supplevisse
1061 3311 1217 3389 statimque

69 3412 208 3472 volumini
233 3411 430 3490 adscripsisse
453 3411 548 3470 lertur
570 3410 710 3487 (llorvatus
732 3429 760 3489 p.
778 3408 819 3470 112
842 3411 964 3472 Servius
979 3414 1049 3472 deu.
1076 3411 1111 3470 Vl
1135 3407 1216 3490 165).

69 3515 177 3575 Parum
198 3516 281 3574 'enim
306 3512 466 3574 verisimile
488 3520 607 3592 poetam
639 3514 670 3573 in
699 3513 817 3574 schedis
847 3531 936 3573 sensu
966 3514 1103 3573 destituta
1125 3523 1153 3573 et
1177 3513 1216 3572 la-

68 3636 133 3678 cera
156 3616 230 3678 baec

486 3772 618 3831 blisenum
640 3774 769 3831 Aeoliden

488 3877 549 3916 aere
572 3863 643 3916 ciere
667 3863 738 3916 viros

69 4012 222 4093 reliquisse
246 4030 303 4073 nec
325 4017 385 4070 tam
409 4009 529 4070 ‹lilticile
551 4012 671 4071 inventu
687 4011 770 4089 prius
785 4007 891 4070 saltem
908 4009 1126 4074 bcmisticbium
1146 4008 1214 4080 1114,

70 4125 100 4176 ut
123 4135 192 4178 raro
216 4115 329 4192 ingenii
353 4116 465 4190 impetn
489 4113 624 4172 videatur
646 4132 723 4192 opus
745 4115 846 4175 luisse.
876 4115 952 4185 Ouid
976 4115 1054 4194 quod
1078 4117 1142 4194 ipse
1159 4115 1215 4175 lto·

70 4227 154 4279 natus
176 4238 205 4298 p.
229 4215 281 4286 64,
309 4213 349 4276 111
371 4216 514 4284 adtirmat,
545 4216 933 4278 00001010001010001010
957 4216 1140 4276 lvevnistirbia
1164 4216 1214 4275 ab·

70 4319 162 4382 soluto
186 4321 382 4400 perlectoque
413 4337 502 4378 sensu
534 4337 600 4376 esse
628 4325 747 4400 praeter
776 4339 865 4379 00000
895 4323 998 4398 ‘quem
1029 4317 1079 4377 tibi
1108 4319 1213 4378 l'roia'

70 4420 210 4501 11113411).
235 4423 341 4502 ltaque
358 4421 478 4482 Erotem
499 4419 655 4481 librarium
673 4430 701 4481 et
719 4420 858 4482 libertum
874 4430 988 4502 portae,
1006 4439 1093 4500 qvvem
1111 4430 1211 4482 exacta
