<?xml version="1.0" encoding="UTF-8"?>
<!DOCTYPE html PUBLIC "-//W3C//DTD XHTML 1.0 Transitional//EN"
    "http://www.w3.org/TR/xhtml1/DTD/xhtml1-transitional.dtd">
<html xmlns="http://www.w3.org/1999/xhtml" xml:lang="en" lang="en">
 <head>
  <title>
</title>
<meta http-equiv="Content-Type" content="text/html;charset=utf-8" />
  <meta name='ocr-system' content='tesseract 3.04.00' />
  <meta name='ocr-capabilities' content='ocr_page ocr_carea ocr_par ocr_line ocrx_word'/>
</head>
<body>
  <div class='ocr_page' id='page_1' title='image "./pvergilimaronis01ribbgoog/pvergilimaronis01ribbgoog_0268.png"; bbox 0 0 2956 4906; ppageno 0'>
   <div class='ocr_carea' id='block_1_1' title="bbox 537 349 783 392">
    <p class='ocr_par' dir='ltr' id='par_1_1' title="bbox 537 349 783 392">
     <span class='ocr_line' id='line_1_1' title="bbox 537 349 783 392; baseline 0.004 -2"><span class='ocrx_word' id='word_1_1' title='bbox 537 349 783 392; x_wconf 61' lang='lat' dir='ltr'>PR‘OLEGOMENA.</span> 
     </span>
    </p>
   </div>
   <div class='ocr_carea' id='block_1_2' title="bbox 536 814 841 924">
    <p class='ocr_par' dir='ltr' id='par_1_2' title="bbox 536 814 841 924">
     <span class='ocr_line' id='line_1_2' title="bbox 536 814 841 924; baseline 0.003 -34"><span class='ocrx_word' id='word_1_2' title='bbox 536 814 669 924; x_wconf 73' lang='lat' dir='ltr'><strong>Curua</strong></span> <span class='ocrx_word' id='word_1_3' title='bbox 692 818 780 892; x_wconf 88' lang='lat' dir='ltr'><strong>XII.</strong></span> <span class='ocrx_word' id='word_1_4' title='bbox 839 863 841 868; x_wconf 93' lang='lat'>-</span> 
     </span>
    </p>
   </div>
   <div class='ocr_carea' id='block_1_3' title="bbox 191 994 1119 1104">
    <p class='ocr_par' dir='ltr' id='par_1_3' title="bbox 191 977 1119 1104">
     <span class='ocr_line' id='line_1_3' title="bbox 191 994 1119 1104; baseline -0.005 -27"><span class='ocrx_word' id='word_1_5' title='bbox 191 994 254 1078; x_wconf 91' lang='lat' dir='ltr'><strong>De</strong></span> <span class='ocrx_word' id='word_1_6' title='bbox 285 995 485 1104; x_wconf 76' lang='lat' dir='ltr'><strong>scriptura</strong></span> <span class='ocrx_word' id='word_1_7' title='bbox 515 995 705 1078; x_wconf 86' lang='lat' dir='ltr'><strong>codicum</strong></span> <span class='ocrx_word' id='word_1_8' title='bbox 736 997 1119 1104; x_wconf 87' lang='lat' dir='ltr'><strong>antiquissimorum.</strong></span> 
     </span>
    </p>
   </div>
   <div class='ocr_carea' id='block_1_4' title="bbox 42 1325 1238 4449">
    <p class='ocr_par' dir='ltr' id='par_1_4' title="bbox 81 1325 1238 2723">
     <span class='ocr_line' id='line_1_4' title="bbox 169 1325 1226 1407; baseline 0.001 -20"><span class='ocrx_word' id='word_1_9' title='bbox 169 1328 302 1387; x_wconf 75' lang='lat' dir='ltr'><strong>Aetatem</strong></span> <span class='ocrx_word' id='word_1_10' title='bbox 326 1325 472 1388; x_wconf 92' lang='lat' dir='ltr'><strong>librorum</strong></span> <span class='ocrx_word' id='word_1_11' title='bbox 502 1326 609 1389; x_wconf 91' lang='lat' dir='ltr'><strong>litteris</strong></span> <span class='ocrx_word' id='word_1_12' title='bbox 638 1327 812 1406; x_wconf 76' lang='lat' dir='ltr'>capitalibus</span> <span class='ocrx_word' id='word_1_13' title='bbox 840 1329 1020 1407; x_wconf 90' lang='lat' dir='ltr'><strong>scriptorum</strong></span> <span class='ocrx_word' id='word_1_14' title='bbox 1049 1325 1226 1389; x_wconf 74' lang='lat' dir='ltr'><strong>arctioribus</strong></span> 
     </span>
     <span class='ocr_line' id='line_1_5' title="bbox 84 1427 1226 1508; baseline 0.001 -19"><span class='ocrx_word' id='word_1_15' title='bbox 84 1446 172 1507; x_wconf 92' lang='lat' dir='ltr'><strong>quam</strong></span> <span class='ocrx_word' id='word_1_16' title='bbox 195 1427 382 1489; x_wconf 88' lang='lat' dir='ltr'><strong>saeculorum</strong></span> <span class='ocrx_word' id='word_1_17' title='bbox 405 1429 535 1507; x_wconf 89' lang='lat' dir='ltr'><strong>quinque</strong></span> <span class='ocrx_word' id='word_1_18' title='bbox 558 1449 585 1508; x_wconf 89' lang='lat' dir='ltr'><strong>p.</strong></span> <span class='ocrx_word' id='word_1_19' title='bbox 612 1428 680 1491; x_wconf 88' lang='lat' dir='ltr'>Chr.</span> <span class='ocrx_word' id='word_1_20' title='bbox 710 1431 875 1508; x_wconf 92' lang='lat' dir='ltr'><strong>primorum</strong></span> <span class='ocrx_word' id='word_1_21' title='bbox 904 1428 1013 1490; x_wconf 91' lang='lat' dir='ltr'><strong>linibus</strong></span> <span class='ocrx_word' id='word_1_22' title='bbox 1036 1431 1226 1490; x_wconf 89' lang='lat' dir='ltr'><strong>circumscri-</strong></span> 
     </span>
     <span class='ocr_line' id='line_1_6' title="bbox 86 1528 1225 1610; baseline 0.002 -21"><span class='ocrx_word' id='word_1_23' title='bbox 86 1528 159 1589; x_wconf 77' lang='lat' dir='ltr'><strong>bere</strong></span> <span class='ocrx_word' id='word_1_24' title='bbox 175 1548 263 1609; x_wconf 90' lang='lat' dir='ltr'><strong>quam</strong></span> <span class='ocrx_word' id='word_1_25' title='bbox 279 1531 317 1589; x_wconf 92' lang='lat' dir='ltr'><strong>sit</strong></span> <span class='ocrx_word' id='word_1_26' title='bbox 332 1529 451 1590; x_wconf 84' lang='lat' dir='ltr'><strong>difficile</strong></span> <span class='ocrx_word' id='word_1_27' title='bbox 465 1537 495 1590; x_wconf 91' lang='lat' dir='ltr'><strong>et</strong></span> <span class='ocrx_word' id='word_1_28' title='bbox 514 1529 662 1593; x_wconf 91' lang='lat' dir='ltr'><strong>lubricum</strong></span> <span class='ocrx_word' id='word_1_29' title='bbox 681 1532 753 1592; x_wconf 89' lang='lat' dir='ltr'><strong>satis</strong></span> <span class='ocrx_word' id='word_1_30' title='bbox 773 1532 853 1592; x_wconf 88' lang='lat' dir='ltr'><strong>inter</strong></span> <span class='ocrx_word' id='word_1_31' title='bbox 869 1532 982 1610; x_wconf 88' lang='lat' dir='ltr'><strong>peritos</strong></span> <span class='ocrx_word' id='word_1_32' title='bbox 998 1537 1122 1591; x_wconf 88' lang='lat' dir='ltr'><strong>constat.</strong></span> <span class='ocrx_word' id='word_1_33' title='bbox 1162 1530 1225 1602; x_wconf 85' lang='lat' dir='ltr'><strong>Qua</strong></span> 
     </span>
     <span class='ocr_line' id='line_1_7' title="bbox 85 1629 1226 1711; baseline 0.003 -22"><span class='ocrx_word' id='word_1_34' title='bbox 85 1629 122 1690; x_wconf 92' lang='lat' dir='ltr'><strong>de</strong></span> <span class='ocrx_word' id='word_1_35' title='bbox 145 1649 178 1690; x_wconf 92' lang='lat' dir='ltr'><strong>re</strong></span> <span class='ocrx_word' id='word_1_36' title='bbox 202 1637 264 1691; x_wconf 87' lang='lat' dir='ltr'><strong>turn</strong></span> <span class='ocrx_word' id='word_1_37' title='bbox 281 1630 400 1691; x_wconf 91' lang='lat' dir='ltr'><strong>demum</strong></span> <span class='ocrx_word' id='word_1_38' title='bbox 416 1633 544 1693; x_wconf 74' lang='lat' dir='ltr'>certiora</span> <span class='ocrx_word' id='word_1_39' title='bbox 560 1633 686 1694; x_wconf 88' lang='lat' dir='ltr'><strong>lortasse</strong></span> <span class='ocrx_word' id='word_1_40' title='bbox 702 1650 810 1693; x_wconf 90' lang='lat' dir='ltr'><strong>eruere</strong></span> <span class='ocrx_word' id='word_1_41' title='bbox 831 1630 940 1700; x_wconf 91' lang='lat' dir='ltr'><strong>licebit,</strong></span> <span class='ocrx_word' id='word_1_42' title='bbox 965 1633 990 1691; x_wconf 90' lang='lat' dir='ltr'><strong>si</strong></span> <span class='ocrx_word' id='word_1_43' title='bbox 1012 1632 1079 1711; x_wconf 87' lang='lat' dir='ltr'><strong>quis</strong></span> <span class='ocrx_word' id='word_1_44' title='bbox 1094 1633 1226 1692; x_wconf 92' lang='lat' dir='ltr'><strong>omnium</strong></span> 
     </span>
     <span class='ocr_line' id='line_1_8' title="bbox 84 1730 1227 1812; baseline 0.001 -20"><span class='ocrx_word' id='word_1_45' title='bbox 84 1738 231 1811; x_wconf 80' lang='lat' dir='ltr'><strong>quotquot</strong></span> <span class='ocrx_word' id='word_1_46' title='bbox 252 1730 340 1793; x_wconf 89' lang='lat' dir='ltr'><strong>buius</strong></span> <span class='ocrx_word' id='word_1_47' title='bbox 367 1733 485 1810; x_wconf 89' lang='lat' dir='ltr'><strong>generis</strong></span> <span class='ocrx_word' id='word_1_48' title='bbox 514 1741 616 1795; x_wconf 83' lang='lat' dir='ltr'><strong>extant</strong></span> <span class='ocrx_word' id='word_1_49' title='bbox 643 1733 779 1795; x_wconf 88' lang='lat' dir='ltr'><strong>codicum</strong></span> <span class='ocrx_word' id='word_1_50' title='bbox 812 1733 973 1812; x_wconf 89' lang='lat' dir='ltr'><strong>specimina</strong></span> <span class='ocrx_word' id='word_1_51' title='bbox 1002 1733 1227 1794; x_wconf 80' lang='lat' dir='ltr'><strong>accuratissima</strong></span> 
     </span>
     <span class='ocr_line' id='line_1_9' title="bbox 84 1832 1226 1914; baseline 0.001 -20"><span class='ocrx_word' id='word_1_52' title='bbox 84 1841 148 1894; x_wconf 89' lang='lat' dir='ltr'><strong>arte</strong></span> <span class='ocrx_word' id='word_1_53' title='bbox 171 1851 312 1913; x_wconf 84' lang='lat' dir='ltr'><strong>expressa</strong></span> <span class='ocrx_word' id='word_1_54' title='bbox 335 1832 489 1912; x_wconf 84' lang='lat' dir='ltr'><strong>collegerit</strong></span> <span class='ocrx_word' id='word_1_55' title='bbox 512 1842 542 1894; x_wconf 91' lang='lat' dir='ltr'><strong>et</strong></span> <span class='ocrx_word' id='word_1_56' title='bbox 563 1834 618 1896; x_wconf 87' lang='lat' dir='ltr'><strong>sub</strong></span> <span class='ocrx_word' id='word_1_57' title='bbox 641 1842 834 1914; x_wconf 88' lang='lat' dir='ltr'><strong>conspectum</strong></span> <span class='ocrx_word' id='word_1_58' title='bbox 857 1835 999 1912; x_wconf 90' lang='lat' dir='ltr'><strong>posuerit.</strong></span> <span class='ocrx_word' id='word_1_59' title='bbox 1049 1833 1130 1904; x_wconf 90' lang='lat' dir='ltr'><strong>Quae</strong></span> <span class='ocrx_word' id='word_1_60' title='bbox 1158 1853 1226 1895; x_wconf 90' lang='lat' dir='ltr'><strong>eum</strong></span> 
     </span>
     <span class='ocr_line' id='line_1_10' title="bbox 82 1933 1226 2015; baseline 0.001 -20"><span class='ocrx_word' id='word_1_61' title='bbox 82 1937 310 2014; x_wconf 80' lang='lat' dir='ltr'>inscriptionum</span> <span class='ocrx_word' id='word_1_62' title='bbox 333 1937 451 2015; x_wconf 91' lang='lat' dir='ltr'><strong>imperii</strong></span> <span class='ocrx_word' id='word_1_63' title='bbox 473 1935 599 1996; x_wconf 82' lang='lat' dir='ltr'><strong>Romani</strong></span> <span class='ocrx_word' id='word_1_64' title='bbox 622 1933 766 2015; x_wconf 87' lang='lat' dir='ltr'><strong>exemplis</strong></span> <span class='ocrx_word' id='word_1_65' title='bbox 789 1933 892 1995; x_wconf 89' lang='lat' dir='ltr'><strong>eadem</strong></span> <span class='ocrx_word' id='word_1_66' title='bbox 915 1953 1003 2014; x_wconf 89' lang='lat' dir='ltr'><strong>quam</strong></span> <span class='ocrx_word' id='word_1_67' title='bbox 1031 1934 1146 1996; x_wconf 86' lang='lat' dir='ltr'><strong>liberae</strong></span> <span class='ocrx_word' id='word_1_68' title='bbox 1168 1938 1226 1996; x_wconf 95' lang='lat' dir='ltr'><strong>rei·</strong></span> 
     </span>
     <span class='ocr_line' id='line_1_11' title="bbox 82 2035 1238 2116; baseline 0.001 -20"><span class='ocrx_word' id='word_1_69' title='bbox 82 2036 221 2116; x_wconf 92' lang='lat' dir='ltr'><strong>publicae</strong></span> <span class='ocrx_word' id='word_1_70' title='bbox 244 2038 444 2098; x_wconf 85' lang='lat' dir='ltr'><strong>monumentis</strong></span> <span class='ocrx_word' id='word_1_71' title='bbox 467 2035 646 2098; x_wconf 82' lang='lat' dir='ltr'><strong>liitscbelius</strong></span> <span class='ocrx_word' id='word_1_72' title='bbox 674 2037 809 2116; x_wconf 88' lang='lat' dir='ltr'><strong>inpertiit</strong></span> <span class='ocrx_word' id='word_1_73' title='bbox 836 2035 1079 2106; x_wconf 84' lang='lat' dir='ltr'><strong>arteimitandis</strong></span> <span class='ocrx_word' id='word_1_74' title='bbox 1107 2055 1238 2115; x_wconf 64' lang='lat' dir='ltr'><strong>europa,</strong></span> 
     </span>
     <span class='ocr_line' id='line_1_12' title="bbox 83 2125 1226 2218; baseline 0.002 -21"><span class='ocrx_word' id='word_1_75' title='bbox 83 2145 156 2208; x_wconf 91' lang='lat' dir='ltr'><strong>rata,</strong></span> <span class='ocrx_word' id='word_1_76' title='bbox 178 2139 209 2198; x_wconf 93' lang='lat' dir='ltr'><strong>in</strong></span> <span class='ocrx_word' id='word_1_77' title='bbox 224 2137 364 2199; x_wconf 82' lang='lat' dir='ltr'><strong>attnilium</strong></span> <span class='ocrx_word' id='word_1_78' title='bbox 388 2139 498 2198; x_wconf 88' lang='lat' dir='ltr'><strong>voeatis</strong></span> <span class='ocrx_word' id='word_1_79' title='bbox 520 2156 587 2198; x_wconf 93' lang='lat' dir='ltr'><strong>eum</strong></span> <span class='ocrx_word' id='word_1_80' title='bbox 610 2125 862 2217; x_wconf 77' lang='lat' dir='ltr'><strong>subscriptionum</strong></span> <span class='ocrx_word' id='word_1_81' title='bbox 885 2139 911 2197; x_wconf 91' lang='lat' dir='ltr'><strong>si</strong></span> <span class='ocrx_word' id='word_1_82' title='bbox 932 2154 1008 2217; x_wconf 89' lang='lat' dir='ltr'><strong>quae</strong></span> <span class='ocrx_word' id='word_1_83' title='bbox 1024 2141 1094 2218; x_wconf 85' lang='lat' dir='ltr'><strong>strnt</strong></span> <span class='ocrx_word' id='word_1_84' title='bbox 1109 2137 1226 2200; x_wconf 89' lang='lat' dir='ltr'><strong>indiciis</strong></span> 
     </span>
     <span class='ocr_line' id='line_1_13' title="bbox 82 2236 1226 2318; baseline -0.001 -17"><span class='ocrx_word' id='word_1_85' title='bbox 82 2247 145 2301; x_wconf 87' lang='lat' dir='ltr'><strong>turn</strong></span> <span class='ocrx_word' id='word_1_86' title='bbox 169 2238 398 2318; x_wconf 84' lang='lat' dir='ltr'><strong>orthographiae</strong></span> <span class='ocrx_word' id='word_1_87' title='bbox 421 2255 497 2316; x_wconf 91' lang='lat' dir='ltr'><strong>quae</strong></span> <span class='ocrx_word' id='word_1_88' title='bbox 519 2239 626 2300; x_wconf 92' lang='lat' dir='ltr'><strong>dicitur</strong></span> <span class='ocrx_word' id='word_1_89' title='bbox 648 2238 861 2300; x_wconf 87' lang='lat' dir='ltr'><strong>mutationibus</strong></span> <span class='ocrx_word' id='word_1_90' title='bbox 888 2245 919 2298; x_wconf 91' lang='lat' dir='ltr'><strong>et</strong></span> <span class='ocrx_word' id='word_1_91' title='bbox 948 2236 1102 2299; x_wconf 89' lang='lat' dir='ltr'><strong>barbariae</strong></span> <span class='ocrx_word' id='word_1_92' title='bbox 1126 2240 1226 2317; x_wconf 86' lang='lat' dir='ltr'><strong>ingra-</strong></span> 
     </span>
     <span class='ocr_line' id='line_1_14' title="bbox 83 2339 1227 2420; baseline 0.002 -20"><span class='ocrx_word' id='word_1_93' title='bbox 83 2343 228 2402; x_wconf 86' lang='lat' dir='ltr'><strong>vescentis</strong></span> <span class='ocrx_word' id='word_1_94' title='bbox 250 2340 374 2402; x_wconf 90' lang='lat' dir='ltr'><strong>maculis</strong></span> <span class='ocrx_word' id='word_1_95' title='bbox 396 2358 468 2401; x_wconf 87' lang='lat' dir='ltr'><strong>nunr</strong></span> <span class='ocrx_word' id='word_1_96' title='bbox 490 2350 588 2403; x_wconf 86' lang='lat' dir='ltr'><strong>certos</strong></span> <span class='ocrx_word' id='word_1_97' title='bbox 611 2341 753 2420; x_wconf 92' lang='lat' dir='ltr'><strong>quosdam</strong></span> <span class='ocrx_word' id='word_1_98' title='bbox 775 2347 902 2402; x_wconf 88' lang='lat' dir='ltr'><strong>aetatum</strong></span> <span class='ocrx_word' id='word_1_99' title='bbox 926 2339 1037 2418; x_wconf 83' lang='lat' dir='ltr'><strong>gradus</strong></span> <span class='ocrx_word' id='word_1_100' title='bbox 1052 2348 1085 2400; x_wconf 91' lang='lat' dir='ltr'><strong>ut</strong></span> <span class='ocrx_word' id='word_1_101' title='bbox 1098 2340 1227 2419; x_wconf 88' lang='lat' dir='ltr'>prodant</span> 
     </span>
     <span class='ocr_line' id='line_1_15' title="bbox 81 2441 1226 2522; baseline 0.002 -20"><span class='ocrx_word' id='word_1_102' title='bbox 81 2442 217 2504; x_wconf 92' lang='lat' dir='ltr'><strong>luturum</strong></span> <span class='ocrx_word' id='word_1_103' title='bbox 239 2443 277 2502; x_wconf 91' lang='lat' dir='ltr'><strong>sit</strong></span> <span class='ocrx_word' id='word_1_104' title='bbox 305 2442 530 2522; x_wconf 86' lang='lat' dir='ltr'><strong>expectandum.</strong></span> <span class='ocrx_word' id='word_1_105' title='bbox 583 2443 645 2520; x_wconf 81' lang='lat' dir='ltr'><strong>Ego</strong></span> <span class='ocrx_word' id='word_1_106' title='bbox 677 2444 709 2503; x_wconf 92' lang='lat' dir='ltr'><strong>in</strong></span> <span class='ocrx_word' id='word_1_107' title='bbox 737 2460 842 2520; x_wconf 88' lang='lat' dir='ltr'><strong>magna</strong></span> <span class='ocrx_word' id='word_1_108' title='bbox 870 2441 1072 2503; x_wconf 87' lang='lat' dir='ltr'><strong>subsidiorum</strong></span> <span class='ocrx_word' id='word_1_109' title='bbox 1102 2444 1226 2521; x_wconf 92' lang='lat' dir='ltr'><strong>penuria</strong></span> 
     </span>
     <span class='ocr_line' id='line_1_16' title="bbox 81 2542 1224 2623; baseline 0.001 -19"><span class='ocrx_word' id='word_1_110' title='bbox 81 2542 153 2621; x_wconf 92' lang='lat' dir='ltr'><strong>quid</strong></span> <span class='ocrx_word' id='word_1_111' title='bbox 182 2544 219 2604; x_wconf 91' lang='lat' dir='ltr'><strong>de</strong></span> <span class='ocrx_word' id='word_1_112' title='bbox 247 2542 484 2622; x_wconf 90' lang='lat' dir='ltr'><strong>Vergilianorum</strong></span> <span class='ocrx_word' id='word_1_113' title='bbox 518 2543 652 2608; x_wconf 92' lang='lat' dir='ltr'><strong>codicum</strong></span> <span class='ocrx_word' id='word_1_114' title='bbox 686 2551 781 2605; x_wconf 90' lang='lat' dir='ltr'><strong>aetate</strong></span> <span class='ocrx_word' id='word_1_115' title='bbox 815 2544 893 2623; x_wconf 91' lang='lat' dir='ltr'><strong>apud</strong></span> <span class='ocrx_word' id='word_1_116' title='bbox 927 2561 975 2604; x_wconf 81' lang='lat' dir='ltr'><strong>nte</strong></span> <span class='ocrx_word' id='word_1_117' title='bbox 1007 2545 1224 2622; x_wconf 85' lang='lat' dir='ltr'><strong>constituerim,</strong></span> 
     </span>
     <span class='ocr_line' id='line_1_17' title="bbox 81 2643 413 2723; baseline 0.003 -19"><span class='ocrx_word' id='word_1_118' title='bbox 81 2643 212 2718; x_wconf 71' lang='lat' dir='ltr'><strong>breuiter</strong></span> <span class='ocrx_word' id='word_1_119' title='bbox 232 2645 413 2723; x_wconf 82' lang='lat' dir='ltr'><strong>signtucaho.</strong></span> 
     </span>
    </p>

    <p class='ocr_par' dir='ltr' id='par_1_5' title="bbox 42 2746 1226 4449">
     <span class='ocr_line' id='line_1_18' title="bbox 166 2746 1226 2826; baseline 0.001 -19"><span class='ocrx_word' id='word_1_120' title='bbox 166 2750 208 2807; x_wconf 80' lang='lat' dir='ltr'><strong>Ac</strong></span> <span class='ocrx_word' id='word_1_121' title='bbox 239 2749 368 2826; x_wconf 91' lang='lat' dir='ltr'><strong>primum</strong></span> <span class='ocrx_word' id='word_1_122' title='bbox 392 2746 573 2808; x_wconf 86' lang='lat' dir='ltr'><strong>Prudentius</strong></span> <span class='ocrx_word' id='word_1_123' title='bbox 602 2754 689 2825; x_wconf 87' lang='lat' dir='ltr'><strong>poeta</strong></span> <span class='ocrx_word' id='word_1_124' title='bbox 723 2748 862 2826; x_wconf 91' lang='lat' dir='ltr'><strong>quoniam</strong></span> <span class='ocrx_word' id='word_1_125' title='bbox 896 2763 973 2808; x_wconf 91' lang='lat' dir='ltr'><strong>anno</strong></span> <span class='ocrx_word' id='word_1_126' title='bbox 1006 2748 1109 2807; x_wconf 90' lang='lat' dir='ltr'><strong>aetatis</strong></span> <span class='ocrx_word' id='word_1_127' title='bbox 1141 2748 1226 2824; x_wconf 91' lang='lat' dir='ltr'><strong>quin·</strong></span> 
     </span>
     <span class='ocr_line' id='line_1_19' title="bbox 80 2844 1226 2928; baseline 0.003 -21"><span class='ocrx_word' id='word_1_128' title='bbox 80 2850 254 2927; x_wconf 79' lang='lat' dir='ltr'><strong>quagesimo</strong></span> <span class='ocrx_word' id='word_1_129' title='bbox 277 2849 404 2927; x_wconf 90' lang='lat' dir='ltr'><strong>septimo</strong></span> <span class='ocrx_word' id='word_1_130' title='bbox 439 2849 541 2928; x_wconf 88' lang='lat' dir='ltr'><strong>(prael.</strong></span> <span class='ocrx_word' id='word_1_131' title='bbox 575 2845 590 2907; x_wconf 92' lang='lat' dir='ltr'><strong>l</strong></span> <span class='ocrx_word' id='word_1_132' title='bbox 621 2867 665 2927; x_wconf 89' lang='lat' dir='ltr'><strong>sq.</strong></span> <span class='ocrx_word' id='word_1_133' title='bbox 689 2846 757 2908; x_wconf 89' lang='lat' dir='ltr'><strong>eoll.</strong></span> <span class='ocrx_word' id='word_1_134' title='bbox 787 2844 856 2926; x_wconf 78' lang='lat'><strong>24),</strong></span> <span class='ocrx_word' id='word_1_135' title='bbox 891 2846 919 2907; x_wconf 93' lang='lat' dir='ltr'><strong>b.</strong></span> <span class='ocrx_word' id='word_1_136' title='bbox 952 2866 977 2908; x_wconf 91' lang='lat' dir='ltr'><strong>e.</strong></span> <span class='ocrx_word' id='word_1_137' title='bbox 1008 2867 1037 2926; x_wconf 93' lang='lat' dir='ltr'><strong>p.</strong></span> <span class='ocrx_word' id='word_1_138' title='bbox 1069 2847 1138 2910; x_wconf 88' lang='lat' dir='ltr'><strong>Cbr.</strong></span> <span class='ocrx_word' id='word_1_139' title='bbox 1161 2845 1226 2910; x_wconf 85' lang='lat'><strong>405</strong></span> 
     </span>
     <span class='ocr_line' id='line_1_20' title="bbox 80 2947 1225 3027; baseline 0.001 -19"><span class='ocrx_word' id='word_1_140' title='bbox 80 2967 172 3027; x_wconf 89' lang='lat' dir='ltr'><strong>opera</strong></span> <span class='ocrx_word' id='word_1_141' title='bbox 205 2967 257 3010; x_wconf 90' lang='lat' dir='ltr'><strong>sua</strong></span> <span class='ocrx_word' id='word_1_142' title='bbox 291 2950 323 3009; x_wconf 92' lang='lat' dir='ltr'><strong>in</strong></span> <span class='ocrx_word' id='word_1_143' title='bbox 356 2947 460 3026; x_wconf 85' lang='lat' dir='ltr'><strong>vulgus</strong></span> <span class='ocrx_word' id='word_1_144' title='bbox 493 2948 598 3019; x_wconf 87' lang='lat' dir='ltr'><strong>edidit,</strong></span> <span class='ocrx_word' id='word_1_145' title='bbox 633 2956 747 3010; x_wconf 92' lang='lat' dir='ltr'><strong>certum</strong></span> <span class='ocrx_word' id='word_1_146' title='bbox 780 2955 827 3010; x_wconf 92' lang='lat' dir='ltr'><strong>est</strong></span> <span class='ocrx_word' id='word_1_147' title='bbox 858 2948 990 3010; x_wconf 84' lang='lat' dir='ltr'><strong>codicem</strong></span> <span class='ocrx_word' id='word_1_148' title='bbox 1027 2949 1091 3009; x_wconf 90' lang='lat' dir='ltr'><strong>eins</strong></span> <span class='ocrx_word' id='word_1_149' title='bbox 1119 2951 1225 3014; x_wconf 88' lang='lat' dir='ltr'><strong>carmi·</strong></span> 
     </span>
     <span class='ocr_line' id='line_1_21' title="bbox 80 3046 1225 3132; baseline -0.003 -20"><span class='ocrx_word' id='word_1_150' title='bbox 80 3068 150 3132; x_wconf 88' lang='lat' dir='ltr'><strong>num</strong></span> <span class='ocrx_word' id='word_1_151' title='bbox 174 3049 355 3118; x_wconf 78' lang='lat' dir='ltr'><strong>l‘arisinum,</strong></span> <span class='ocrx_word' id='word_1_152' title='bbox 391 3051 475 3111; x_wconf 85' lang='lat' dir='ltr'><strong>cuius</strong></span> <span class='ocrx_word' id='word_1_153' title='bbox 502 3049 579 3129; x_wconf 92' lang='lat' dir='ltr'><strong>apud</strong></span> <span class='ocrx_word' id='word_1_154' title='bbox 601 3049 802 3111; x_wconf 87' lang='lat' dir='ltr'><strong>ltlabillonium</strong></span> <span class='ocrx_word' id='word_1_155' title='bbox 832 3050 869 3110; x_wconf 94' lang='lat' dir='ltr'><strong>de</strong></span> <span class='ocrx_word' id='word_1_156' title='bbox 896 3067 930 3110; x_wconf 90' lang='lat' dir='ltr'><strong>re</strong></span> <span class='ocrx_word' id='word_1_157' title='bbox 952 3048 1023 3128; x_wconf 91' lang='lat' dir='ltr'><strong>dipl.</strong></span> <span class='ocrx_word' id='word_1_158' title='bbox 1046 3046 1179 3126; x_wconf 76' lang='lat'>354110.</span> <span class='ocrx_word' id='word_1_159' title='bbox 1204 3048 1225 3110; x_wconf 83' lang='grc'><strong><em>2</em></strong></span> 
     </span>
     <span class='ocr_line' id='line_1_22' title="bbox 80 3149 1224 3230; baseline 0.001 -19"><span class='ocrx_word' id='word_1_160' title='bbox 80 3153 163 3211; x_wconf 92' lang='lat' dir='ltr'><strong>etin</strong></span> <span class='ocrx_word' id='word_1_161' title='bbox 187 3151 448 3213; x_wconf 76' lang='lat' dir='ltr'><strong>benedictinorum</strong></span> <span class='ocrx_word' id='word_1_162' title='bbox 471 3157 597 3212; x_wconf 90' lang='lat' dir='ltr'><strong>tractatu</strong></span> <span class='ocrx_word' id='word_1_163' title='bbox 620 3150 810 3228; x_wconf 89' lang='lat' dir='ltr'><strong>diplomatico</strong></span> <span class='ocrx_word' id='word_1_164' title='bbox 834 3151 888 3210; x_wconf 87' lang='lat' dir='ltr'><strong>vol.</strong></span> <span class='ocrx_word' id='word_1_165' title='bbox 912 3149 951 3211; x_wconf 97' lang='lat' dir='ltr'><strong>lll</strong></span> <span class='ocrx_word' id='word_1_166' title='bbox 974 3149 1033 3210; x_wconf 92' lang='lat' dir='ltr'><strong>tab.</strong></span> <span class='ocrx_word' id='word_1_167' title='bbox 1057 3149 1099 3213; x_wconf 83' lang='lat'><strong>35</strong></span> <span class='ocrx_word' id='word_1_168' title='bbox 1127 3153 1224 3230; x_wconf 90' lang='lat' dir='ltr'><strong>speci-</strong></span> 
     </span>
     <span class='ocr_line' id='line_1_23' title="bbox 80 3251 1222 3332; baseline 0 -19"><span class='ocrx_word' id='word_1_169' title='bbox 80 3272 149 3313; x_wconf 91' lang='lat' dir='ltr'><strong>mco</strong></span> <span class='ocrx_word' id='word_1_170' title='bbox 173 3260 261 3324; x_wconf 84' lang='lat' dir='ltr'><strong>extat,</strong></span> <span class='ocrx_word' id='word_1_171' title='bbox 285 3271 344 3314; x_wconf 94' lang='lat' dir='ltr'><strong>non</strong></span> <span class='ocrx_word' id='word_1_172' title='bbox 367 3271 457 3331; x_wconf 88' lang='lat' dir='ltr'><strong>posse</strong></span> <span class='ocrx_word' id='word_1_173' title='bbox 479 3251 582 3313; x_wconf 90' lang='lat' dir='ltr'><strong>saltem</strong></span> <span class='ocrx_word' id='word_1_174' title='bbox 605 3252 662 3313; x_wconf 90' lang='lat' dir='ltr'><strong>boc</strong></span> <span class='ocrx_word' id='word_1_175' title='bbox 683 3253 750 3331; x_wconf 91' lang='lat' dir='ltr'><strong>ipso</strong></span> <span class='ocrx_word' id='word_1_176' title='bbox 773 3260 907 3332; x_wconf 89' lang='lat' dir='ltr'><strong>tempore</strong></span> <span class='ocrx_word' id='word_1_177' title='bbox 930 3253 1125 3332; x_wconf 89' lang='lat' dir='ltr'><strong>antiquiorem</strong></span> <span class='ocrx_word' id='word_1_178' title='bbox 1149 3272 1222 3313; x_wconf 90' lang='lat' dir='ltr'><strong>esse.</strong></span> 
     </span>
     <span class='ocr_line' id='line_1_24' title="bbox 79 3351 1223 3434; baseline -0.002 -18"><span class='ocrx_word' id='word_1_179' title='bbox 79 3356 167 3434; x_wconf 81' lang='lat' dir='ltr'><strong>Atqui</strong></span> <span class='ocrx_word' id='word_1_180' title='bbox 190 3353 365 3434; x_wconf 84' lang='lat' dir='ltr'><strong>capitalibus</strong></span> <span class='ocrx_word' id='word_1_181' title='bbox 387 3353 495 3432; x_wconf 81' lang='lat' dir='ltr'><strong>litteris</strong></span> <span class='ocrx_word' id='word_1_182' title='bbox 517 3355 727 3433; x_wconf 83' lang='lat' dir='ltr'><strong>integerrimis,</strong></span> <span class='ocrx_word' id='word_1_183' title='bbox 750 3353 854 3434; x_wconf 88' lang='lat' dir='ltr'><strong>quales</strong></span> <span class='ocrx_word' id='word_1_184' title='bbox 875 3354 939 3414; x_wconf 87' lang='lat' dir='ltr'><strong>lere</strong></span> <span class='ocrx_word' id='word_1_185' title='bbox 960 3353 991 3412; x_wconf 92' lang='lat' dir='ltr'><strong>in</strong></span> <span class='ocrx_word' id='word_1_186' title='bbox 1009 3351 1141 3415; x_wconf 86' lang='lat' dir='ltr'><strong>Palatino</strong></span> <span class='ocrx_word' id='word_1_187' title='bbox 1163 3372 1223 3414; x_wconf 90' lang='lat' dir='ltr'><strong>rna·</strong></span> 
     </span>
     <span class='ocr_line' id='line_1_25' title="bbox 79 3453 1224 3536; baseline 0 -20"><span class='ocrx_word' id='word_1_188' title='bbox 79 3457 158 3516; x_wconf 83' lang='lat' dir='ltr'><strong>xime</strong></span> <span class='ocrx_word' id='word_1_189' title='bbox 181 3464 212 3516; x_wconf 93' lang='lat' dir='ltr'><strong>et</strong></span> <span class='ocrx_word' id='word_1_190' title='bbox 232 3455 366 3517; x_wconf 85' lang='lat' dir='ltr'><strong>Romano</strong></span> <span class='ocrx_word' id='word_1_191' title='bbox 391 3454 510 3534; x_wconf 80' lang='lat' dir='ltr'><strong>Vergilii</strong></span> <span class='ocrx_word' id='word_1_192' title='bbox 533 3457 766 3536; x_wconf 90' lang='lat' dir='ltr'><strong>conspiciuntur,</strong></span> <span class='ocrx_word' id='word_1_193' title='bbox 789 3453 839 3516; x_wconf 92' lang='lat' dir='ltr'><strong>bie</strong></span> <span class='ocrx_word' id='word_1_194' title='bbox 861 3462 941 3515; x_wconf 93' lang='lat' dir='ltr'><strong>totus</strong></span> <span class='ocrx_word' id='word_1_195' title='bbox 963 3454 1092 3533; x_wconf 89' lang='lat' dir='ltr'><strong>scriptus</strong></span> <span class='ocrx_word' id='word_1_196' title='bbox 1115 3463 1168 3524; x_wconf 89' lang='lat' dir='ltr'><strong>est,</strong></span> <span class='ocrx_word' id='word_1_197' title='bbox 1193 3463 1224 3516; x_wconf 92' lang='lat' dir='ltr'><strong>ut</strong></span> 
     </span>
     <span class='ocr_line' id='line_1_26' title="bbox 78 3555 1222 3637; baseline 0 -20"><span class='ocrx_word' id='word_1_198' title='bbox 78 3559 210 3637; x_wconf 87' lang='lat' dir='ltr'><strong>iniquius</strong></span> <span class='ocrx_word' id='word_1_199' title='bbox 231 3559 367 3636; x_wconf 90' lang='lat' dir='ltr'><strong>prolecto</strong></span> <span class='ocrx_word' id='word_1_200' title='bbox 391 3557 525 3620; x_wconf 88' lang='lat' dir='ltr'><strong>rideatur</strong></span> <span class='ocrx_word' id='word_1_201' title='bbox 545 3557 659 3619; x_wconf 79' lang='lat' dir='ltr'><strong>bibenti</strong></span> <span class='ocrx_word' id='word_1_202' title='bbox 682 3555 824 3619; x_wconf 88' lang='lat' dir='ltr'><strong>Dresselii</strong></span> <span class='ocrx_word' id='word_1_203' title='bbox 846 3555 1012 3624; x_wconf 91' lang='lat' dir='ltr'><strong>arbitrium,</strong></span> <span class='ocrx_word' id='word_1_204' title='bbox 1036 3557 1085 3636; x_wconf 92' lang='lat' dir='ltr'><strong>qui</strong></span> <span class='ocrx_word' id='word_1_205' title='bbox 1107 3559 1137 3617; x_wconf 92' lang='lat' dir='ltr'><strong>in</strong></span> <span class='ocrx_word' id='word_1_206' title='bbox 1154 3575 1222 3635; x_wconf 91' lang='lat' dir='ltr'><strong>pro-</strong></span> 
     </span>
     <span class='ocr_line' id='line_1_27' title="bbox 78 3654 1223 3739; baseline 0.001 -21"><span class='ocrx_word' id='word_1_207' title='bbox 78 3659 155 3736; x_wconf 91' lang='lat' dir='ltr'><strong>legg.</strong></span> <span class='ocrx_word' id='word_1_208' title='bbox 185 3658 221 3719; x_wconf 89' lang='lat' dir='ltr'><strong>ad</strong></span> <span class='ocrx_word' id='word_1_209' title='bbox 244 3657 439 3720; x_wconf 87' lang='lat' dir='ltr'><strong>Prudentinm</strong></span> <span class='ocrx_word' id='word_1_210' title='bbox 462 3678 491 3739; x_wconf 90' lang='lat' dir='ltr'><strong>p.</strong></span> <span class='ocrx_word' id='word_1_211' title='bbox 515 3658 657 3719; x_wconf 89' lang='lat' dir='ltr'><strong>llllllVlll</strong></span> <span class='ocrx_word' id='word_1_212' title='bbox 686 3659 753 3719; x_wconf 88' lang='lat' dir='ltr'><strong>ado.</strong></span> <span class='ocrx_word' id='word_1_213' title='bbox 777 3654 818 3720; x_wconf 76' lang='lat'><strong>‘28</strong></span> <span class='ocrx_word' id='word_1_214' title='bbox 846 3657 881 3718; x_wconf 92' lang='lat' dir='ltr'><strong>ad</strong></span> <span class='ocrx_word' id='word_1_215' title='bbox 911 3664 1045 3718; x_wconf 87' lang='lat' dir='ltr'><strong>octavum</strong></span> <span class='ocrx_word' id='word_1_216' title='bbox 1073 3656 1223 3720; x_wconf 88' lang='lat' dir='ltr'><strong>saeculum</strong></span> 
     </span>
     <span class='ocr_line' id='line_1_28' title="bbox 79 3757 1223 3839; baseline 0 -19"><span class='ocrx_word' id='word_1_217' title='bbox 79 3760 222 3820; x_wconf 86' lang='lat' dir='ltr'><strong>detrusit:</strong></span> <span class='ocrx_word' id='word_1_218' title='bbox 246 3769 331 3834; x_wconf 74' lang='lat' dir='ltr'><strong>sento</strong></span> <span class='ocrx_word' id='word_1_219' title='bbox 354 3761 459 3823; x_wconf 88' lang='lat' dir='ltr'><strong>tribuit</strong></span> <span class='ocrx_word' id='word_1_220' title='bbox 479 3759 622 3822; x_wconf 80' lang='lat' dir='ltr'><strong>brevalus</strong></span> <span class='ocrx_word' id='word_1_221' title='bbox 643 3760 775 3839; x_wconf 89' lang='lat' dir='ltr'><strong>prolegg.</strong></span> <span class='ocrx_word' id='word_1_222' title='bbox 800 3757 850 3821; x_wconf 78' lang='lat'><strong>74.</strong></span> <span class='ocrx_word' id='word_1_223' title='bbox 895 3760 1009 3821; x_wconf 87' lang='lat' dir='ltr'><strong>Rursus</strong></span> <span class='ocrx_word' id='word_1_224' title='bbox 1030 3760 1106 3820; x_wconf 91' lang='lat' dir='ltr'><strong>intra</strong></span> <span class='ocrx_word' id='word_1_225' title='bbox 1130 3779 1223 3820; x_wconf 91' lang='lat' dir='ltr'><strong>annos</strong></span> 
     </span>
     <span class='ocr_line' id='line_1_29' title="bbox 78 3858 1222 3942; baseline -0.002 -18"><span class='ocrx_word' id='word_1_226' title='bbox 78 3869 147 3924; x_wconf 89' lang='lat' dir='ltr'><strong>ante</strong></span> <span class='ocrx_word' id='word_1_227' title='bbox 171 3860 238 3922; x_wconf 85' lang='lat' dir='ltr'><strong>Cbr.</strong></span> <span class='ocrx_word' id='word_1_228' title='bbox 263 3859 303 3923; x_wconf 87' lang='grc'><strong>31</strong></span> <span class='ocrx_word' id='word_1_229' title='bbox 328 3870 358 3923; x_wconf 92' lang='lat' dir='ltr'><strong>et</strong></span> <span class='ocrx_word' id='word_1_230' title='bbox 378 3872 446 3942; x_wconf 88' lang='lat' dir='ltr'><strong>pust</strong></span> <span class='ocrx_word' id='word_1_231' title='bbox 462 3862 530 3924; x_wconf 86' lang='lat' dir='ltr'><strong>Chr.</strong></span> <span class='ocrx_word' id='word_1_232' title='bbox 548 3858 589 3923; x_wconf 77' lang='lat'><strong>79</strong></span> <span class='ocrx_word' id='word_1_233' title='bbox 611 3862 812 3923; x_wconf 89' lang='lat' dir='ltr'><strong>certissimum</strong></span> <span class='ocrx_word' id='word_1_234' title='bbox 837 3869 882 3922; x_wconf 90' lang='lat' dir='ltr'><strong>est</strong></span> <span class='ocrx_word' id='word_1_235' title='bbox 902 3863 1045 3940; x_wconf 91' lang='lat' dir='ltr'><strong>scriptum</strong></span> <span class='ocrx_word' id='word_1_236' title='bbox 1062 3861 1222 3940; x_wconf 91' lang='lat' dir='ltr'><strong>essequod</strong></span> 
     </span>
     <span class='ocr_line' id='line_1_30' title="bbox 77 3961 1223 4031; baseline -0.001 -7"><span class='ocrx_word' id='word_1_237' title='bbox 77 3964 110 4024; x_wconf 95' lang='lat' dir='ltr'><strong>in</strong></span> <span class='ocrx_word' id='word_1_238' title='bbox 134 3962 283 4025; x_wconf 86' lang='lat' dir='ltr'><strong>volumine</strong></span> <span class='ocrx_word' id='word_1_239' title='bbox 305 3963 521 4025; x_wconf 81' lang='lat' dir='ltr'><strong>Herculanensi</strong></span> <span class='ocrx_word' id='word_1_240' title='bbox 544 3963 569 4024; x_wconf 98' lang='lat' dir='ltr'><strong>ll</strong></span> <span class='ocrx_word' id='word_1_241' title='bbox 592 3971 672 4025; x_wconf 83' lang='lat' dir='ltr'><strong>extat</strong></span> <span class='ocrx_word' id='word_1_242' title='bbox 693 3981 814 4026; x_wconf 90' lang='lat' dir='ltr'><strong>carmen</strong></span> <span class='ocrx_word' id='word_1_243' title='bbox 837 3962 874 4022; x_wconf 91' lang='lat' dir='ltr'><strong>de</strong></span> <span class='ocrx_word' id='word_1_244' title='bbox 902 3961 980 4022; x_wconf 91' lang='lat' dir='ltr'><strong>bello</strong></span> <span class='ocrx_word' id='word_1_245' title='bbox 1002 3962 1137 4031; x_wconf 79' lang='lat' dir='ltr'><strong>Actiaco,</strong></span> <span class='ocrx_word' id='word_1_246' title='bbox 1167 3981 1223 4026; x_wconf 89' lang='lat' dir='ltr'><strong>nec</strong></span> 
     </span>
     <span class='ocr_line' id='line_1_31' title="bbox 78 4061 1223 4145; baseline 0 -21"><span class='ocrx_word' id='word_1_247' title='bbox 78 4073 146 4144; x_wconf 89' lang='lat' dir='ltr'><strong>post</strong></span> <span class='ocrx_word' id='word_1_248' title='bbox 168 4083 277 4126; x_wconf 91' lang='lat' dir='ltr'><strong>annum</strong></span> <span class='ocrx_word' id='word_1_249' title='bbox 300 4073 419 4126; x_wconf 89' lang='lat' dir='ltr'><strong>nostrae</strong></span> <span class='ocrx_word' id='word_1_250' title='bbox 442 4083 530 4126; x_wconf 90' lang='lat' dir='ltr'><strong>aerae</strong></span> <span class='ocrx_word' id='word_1_251' title='bbox 546 4061 587 4127; x_wconf 83' lang='lat' dir='ltr'><strong>te</strong></span> <span class='ocrx_word' id='word_1_252' title='bbox 601 4074 684 4126; x_wconf 92' lang='lat' dir='ltr'><strong>ortae</strong></span> <span class='ocrx_word' id='word_1_253' title='bbox 700 4083 765 4126; x_wconf 88' lang='lat' dir='ltr'><strong>esse</strong></span> <span class='ocrx_word' id='word_1_254' title='bbox 780 4070 905 4145; x_wconf 91' lang='lat' dir='ltr'><strong>possunt</strong></span> <span class='ocrx_word' id='word_1_255' title='bbox 920 4063 1131 4142; x_wconf 90' lang='lat' dir='ltr'><strong>inscriptiones</strong></span> <span class='ocrx_word' id='word_1_256' title='bbox 1148 4080 1223 4140; x_wconf 89' lang='lat' dir='ltr'><strong>quae</strong></span> 
     </span>
     <span class='ocr_line' id='line_1_32' title="bbox 76 4163 1223 4246; baseline -0.002 -20"><span class='ocrx_word' id='word_1_257' title='bbox 76 4167 109 4226; x_wconf 91' lang='lat' dir='ltr'><strong>in</strong></span> <span class='ocrx_word' id='word_1_258' title='bbox 133 4167 320 4245; x_wconf 81' lang='lat' dir='ltr'><strong>Pompeianis</strong></span> <span class='ocrx_word' id='word_1_259' title='bbox 342 4166 507 4246; x_wconf 91' lang='lat' dir='ltr'><strong>parietibus</strong></span> <span class='ocrx_word' id='word_1_260' title='bbox 529 4166 678 4245; x_wconf 92' lang='lat' dir='ltr'><strong>leguntur.</strong></span> <span class='ocrx_word' id='word_1_261' title='bbox 723 4164 962 4228; x_wconf 84' lang='lat' dir='ltr'><strong>Herculanenses</strong></span> <span class='ocrx_word' id='word_1_262' title='bbox 984 4173 1083 4225; x_wconf 91' lang='lat' dir='ltr'><strong>autem</strong></span> <span class='ocrx_word' id='word_1_263' title='bbox 1107 4163 1223 4224; x_wconf 89' lang='lat' dir='ltr'><strong>litterae</strong></span> 
     </span>
     <span class='ocr_line' id='line_1_33' title="bbox 76 4265 1221 4349; baseline -0.003 -21"><span class='ocrx_word' id='word_1_264' title='bbox 76 4268 149 4328; x_wconf 88' lang='lat' dir='ltr'><strong>satis</strong></span> <span class='ocrx_word' id='word_1_265' title='bbox 170 4266 358 4345; x_wconf 87' lang='lat' dir='ltr'><strong>indiligenter</strong></span> <span class='ocrx_word' id='word_1_266' title='bbox 379 4277 409 4330; x_wconf 91' lang='lat' dir='ltr'><strong>et</strong></span> <span class='ocrx_word' id='word_1_267' title='bbox 430 4269 625 4349; x_wconf 88' lang='lat' dir='ltr'><strong>inaequaliter</strong></span> <span class='ocrx_word' id='word_1_268' title='bbox 647 4271 776 4349; x_wconf 89' lang='lat' dir='ltr'><strong>scriptae</strong></span> <span class='ocrx_word' id='word_1_269' title='bbox 805 4270 920 4347; x_wconf 82' lang='lat' dir='ltr'><strong>partim·</strong></span> <span class='ocrx_word' id='word_1_270' title='bbox 936 4267 981 4328; x_wconf 91' lang='lat' dir='ltr'><strong>vel</strong></span> <span class='ocrx_word' id='word_1_271' title='bbox 1003 4266 1039 4327; x_wconf 91' lang='lat' dir='ltr'><strong>ad</strong></span> <span class='ocrx_word' id='word_1_272' title='bbox 1063 4265 1221 4326; x_wconf 90' lang='lat' dir='ltr'><strong>uncialium</strong></span> 
     </span>
     <span class='ocr_line' id='line_1_34' title="bbox 42 4366 1221 4449; baseline 0.003 -22"><span class='ocrx_word' id='word_1_273' title='bbox 42 4382 44 4390; x_wconf 83' lang='grc'><strong>’</strong></span> <span class='ocrx_word' id='word_1_274' title='bbox 77 4385 156 4448; x_wconf 88' lang='lat' dir='ltr'><strong>quae</strong></span> <span class='ocrx_word' id='word_1_275' title='bbox 178 4368 315 4430; x_wconf 89' lang='lat' dir='ltr'><strong>dicuntur</strong></span> <span class='ocrx_word' id='word_1_276' title='bbox 335 4370 461 4432; x_wconf 81' lang='lat' dir='ltr'><strong>sormam</strong></span> <span class='ocrx_word' id='word_1_277' title='bbox 482 4369 633 4432; x_wconf 88' lang='lat' dir='ltr'><strong>accedunt.</strong></span> <span class='ocrx_word' id='word_1_278' title='bbox 680 4373 752 4434; x_wconf 88' lang='lat' dir='ltr'><strong>Nam</strong></span> <span class='ocrx_word' id='word_1_279' title='bbox 776 4379 893 4449; x_wconf 89' lang='lat' dir='ltr'><strong>praeter</strong></span> <span class='ocrx_word' id='word_1_280' title='bbox 916 4376 1026 4431; x_wconf 84' lang='lat' dir='ltr'><strong>rectam</strong></span> <span class='ocrx_word' id='word_1_281' title='bbox 1050 4367 1073 4430; x_wconf 87' lang='lat' dir='ltr'>E</span> <span class='ocrx_word' id='word_1_282' title='bbox 1094 4366 1221 4442; x_wconf 88' lang='lat' dir='ltr'><strong>rotunda</strong></span> 
     </span>
    </p>
   </div>
   <div class='ocr_carea' id='block_1_5' title="bbox 0 0 1482 4906">
    <p class='ocr_par' dir='ltr' id='par_1_6' title="bbox 0 0 1482 4906">
     <span class='ocr_line' id='line_1_35' title="bbox 0 0 1482 4906; baseline 0 2"><span class='ocrx_word' id='word_1_283' title='bbox 0 0 1482 4906; x_wconf 95' lang='lat' dir='ltr'><strong> </strong></span> 
     </span>
    </p>
   </div>
  </div>
 </body>
</html>
