2956 4906
249 313 310 393 180
690 351 935 392 nnonccouumt.

247 519 327 591 MP).
352 517 431 596 qood
454 516 489 575 ad
513 517 581 577 Ter.
606 515 670 576 hec.
695 517 735 578 lll
760 518 786 585 1,
810 516 830 578 6
853 517 1026 578 ‘absoluta'
1049 519 1090 577 ait
1111 517 1298 578 ‘locutione’
1322 537 1392 578 arcini

245 639 280 677 co
304 618 384 694 qnod
407 618 558 696 praecedit
582 619 729 679 ‘crastina
752 617 820 677 lux’
844 620 1034 680 coniunctum
1057 636 1132 680 esse.

329 719 388 779 Sed
416 717 576 780 dolendum
610 719 688 798 quod
723 721 787 781 eius
821 719 856 780 ad
880 720 1047 804 Terahec.
1072 702 1205 790 {1143
1239 720 1391 781 adnotatio

244 822 333 881 nimis
355 829 506 881 contracta
530 839 610 881 nuuc
634 829 724 890 extat,
749 839 824 898 qnae
847 823 872 881 si
894 823 1010 900 integra
1026 829 1112 891 esset,
1137 824 1183 882 vir
1199 820 1302 883 dubito
1317 824 1392 901 quin

243 923 322 1003 qnod
346 942 391 1002 ge.
415 922 470 983 llll
492 920 555 982 412
577 925 758 1001 optimorum
783 921 919 983 codicum
941 923 1049 994 indicia
1079 931 1201 985 secutus
1224 923 1302 983 edidi
1329 931 1390 983 tom

242 1034 275 1085 tu
298 1032 377 1085 esset
402 1025 619 1086 confirmatura.
653 1023 725 1085 Nam
743 1042 809 1084 oum
825 1024 1038 1086 Terentianum
1061 1024 1118 1085 boc
1142 1027 1271 1114 ‘mutum
1288 1028 1389 1102 quam'

242 1115 483 1185 ἀνακόλουθον
506 1125 583 1185 dicat
605 1124 776 1203 llagitetque
799 1125 987 1205 ‘quantum’‚
1013 1125 1179 1204 Vergiliano
1202 1124 1281 1205 quod
1304 1125 1387 1186 addit

242 1226 378 1306 exemplo
400 1245 461 1286 nou
485 1226 564 1286 liunc
587 1226 666 1304 volgi
688 1246 791 1296 usum,
815 1228 868 1288 sed
890 1226 1039 1288 licentiam
1062 1226 1142 1289 illam
1164 1227 1315 1289 illustrare
1339 1246 1389 1287 vo·

241 1327 344 1398 luisse,
368 1345 439 1406 ergo
463 1329 594 1404 ‘quanto
610 1375 641 1388 ..
665 1337 727 1389 tom
750 1333 816 1398 tu',
840 1347 898 1389 uon
925 1332 1044 1389 ‘tanto'
1068 1328 1110 1389 vel
1135 1331 1287 1390 ‘tontum'
1310 1330 1388 1408 apud

242 1440 378 1491 nostrum
412 1437 531 1508 poetam
564 1429 671 1507 legisse
704 1429 835 1498 videtur,
875 1430 1014 1509 idemque
1047 1429 1264 1508 Philargyriuni
1301 1432 1388 1491 etiam

232 1533 391 1610 reperisse
416 1531 620 1592 bernensibus
642 1530 762 1591 scholiis
785 1531 976 1609 intellegitur.

326 1633 401 1693 Vere
430 1641 550 1712 praeter
578 1633 650 1692 alios
682 1635 769 1693 etiam
800 1633 837 1692 de
864 1635 936 1693 hen.
966 1633 992 1693 ll
1014 1630 1056 1694 90
1083 1634 1230 1713 scriptura
1260 1637 1391 1710 pellacis

243 1741 368 1794 testatus
391 1740 436 1794 est
459 1734 495 1795 ad
518 1735 587 1794 Ter.
610 1733 731 1795 Phorm.
754 1730 818 1802 12,
846 1731 893 1795 17.

327 1838 496 1897 Prosodioe
523 1838 658 1914 ignarum
688 1845 793 1915 quater
822 1847 977 1914 praeterea
1006 1837 1128 1897 Servius
1156 1837 1268 1914 arguit:
1298 1834 1333 1896 ad
1364 1837 1390 1896 ll

240 1933 301 1999 798
325 1937 403 2015 quod
426 1939 501 1996 mira
518 1939 685 1997 temeritate
708 1937 879 2026 ‘collectam
895 1956 935 1998 ec·
952 1940 1037 2007 tuom
1062 1957 1120 1998 non
1143 1939 1249 1998 ‘exilio
1265 1939 1388 2013 pubem’

239 2038 396 2116 legendum
420 2041 589 2118 praecepit;
615 2038 651 2098 ad
674 2039 806 2117 eiusdem
829 2038 899 2099 libri
914 2058 940 2099 v.
956 2037 1017 2100 557
1041 2039 1120 2119 quod
1143 2042 1214 2099 litus
1235 2059 1252 2100 a
1276 2039 1389 2100 litando

239 2140 350 2201 dictum
373 2143 502 2219 putavit;
526 2141 561 2200 ad
578 2139 694 2202 111535
710 2141 789 2220 quod
813 2141 891 2200 idem
914 2146 988 2202 latet
1010 2143 1222 2219 interpretatus
1244 2148 1288 2200 est
1311 2139 1389 2202 ‘late

238 2247 336 2322 patet’
372 2242 464 2320 (Serv.
499 2241 535 2300 ad
566 2241 593 2300 u.
623 2241 641 2301 l.
672 2251 702 2301 ct
729 2243 763 2302 ad
794 2241 832 2302 lll
861 2240 938 2302 636:
973 2244 1009 2302 ol.
1039 2245 1194 2320 Agroetius
1216 2237 1297 2301 2271
1323 2243 1385 2320 P.);

239 2343 369 2421 denique
392 2342 428 2401 od
453 2341 515 2403 Vlll
538 2339 601 2402 642
623 2342 702 2422 quod
725 2348 802 2404 citos
824 2342 981 2423 quadrigas
1004 2343 1135 2421 intellegi
1163 2343 1254 2404 voluit
1281 2343 1389 2404 divisas

238 2443 283 2503 vel
313 2453 464 2523 separatas
495 2445 541 2524 (ci.
574 2445 685 2505 Nonius
712 2442 785 2513 265,
814 2442 878 2521 24).
929 2445 1041 2515 Quibus
1069 2464 1140 2505 sane
1170 2445 1312 2524 exemplis
1341 2445 1389 2506 vel

237 2548 366 2606 maxime
389 2555 526 2624 apparet.
551 2555 694 2623 quantum
716 2565 732 2604 a
754 2547 845 2607 Probi
869 2546 1005 2606 doctriua
1026 2545 1107 2606 illios
1130 2549 1192 2606 aevi
1215 2545 1260 2607 vel
1283 2546 1386 2607 claris-

236 2647 303 2706 simi
326 2647 463 2706 dootorcs
487 2645 709 2706 abhorruerint.
756 2647 831 2717 Quid
855 2647 934 2724 quud
960 2649 1158 2708 Parrhasium
1174 2648 1345 2709 Euandrum
1370 2668 1386 2708 a

237 2767 323 2827 parra
348 2749 457 2808 dictum
483 2767 548 2808 esse
577 2747 670 2807 voluit
693 2746 785 2824 (Serv.
809 2753 880 2809 heri.
905 2749 944 2810 Xl
966 2747 1037 2829 3t)t
1081 2751 1117 2811 Et
1140 2751 1253 2811 Graece
1282 2768 1386 2829 parum

236 2850 356 2910 doctum
384 2850 476 2909 luisse
504 2849 573 2908 inde
602 2858 742 2928 apparet,
776 2851 855 2925 quod
877 2852 1015 2911 Monens
1039 2851 1148 2910 Bneohi
1178 2868 1343 2928 cognomen
1366 2870 1384 2912 a

235 2953 374 3011 leniendo
396 2947 540 3009 derivavit
562 2949 598 3008 ad
621 2968 667 3026 ge.
694 2951 717 3009 ll
740 2948 770 3010 4.
845 2963 853 2972 “

321 3055 459 3120 Ceterum
483 3053 621 3110 distinxit
644 3060 754 3111 textum
778 3062 883 3131 poetae
906 3054 954 3122 ita,
980 3063 1012 3113 ut
1035 3071 1093 3112 non
1112 3052 1251 3112 vocabula
1269 3061 1385 3114 tantum

236 3154 348 3232 singula
373 3167 402 3213 et
416 3154 560 3213 orationis
576 3161 755 3214 structuram
772 3162 898 3223 notaret,
924 3154 976 3215 sed
999 3157 1087 3215 etiam
1104 3155 1285 3223 subtiliores,
1308 3173 1386 3234 quos

235 3255 354 3333 quidem
377 3255 561 3332 indagavissc
577 3255 635 3316 sibi
652 3257 731 3317 visus
748 3266 837 3324 esset,
862 3258 1075 3318 sententiarum
1092 3255 1208 3317 colores
1223 3256 1384 3322 indicaret:

235 3376 412 3436 quamquam
435 3359 465 3415 in
489 3355 536 3417 bis
559 3375 679 3436 quoquc
705 3365 859 3435 argutatos
882 3363 935 3417 est.
986 3358 1052 3418 lluc
1073 3365 1208 3437 spectant
1230 3359 1323 3419 Servii
1348 3358 1384 3417 ad

235 3458 289 3518 ecl.
319 3458 344 3517 ll
376 3455 411 3516 lt
456 3474 502 3533 ge.
525 3457 551 3517 ll
574 3445 637 3518 324
678 3455 816 3518 1111346
844 3458 1049 3519 adnotationes
1078 3465 1108 3518 et
1134 3477 1211 3534 quae
1240 3460 1277 3519 de
1307 3461 1386 3519 uotis

235 3558 365 3636 hyphen,
389 3557 522 3627 diastole,
546 3558 728 3638 apostrophe
753 3559 856 3619 eodem
880 3568 1001 3621 anctore
1024 3563 1084 3620 sive
1107 3559 1210 3638 Grillio
1233 3561 1384 3620 siveCeu·

235 3662 335 3720 sorino
351 3661 411 3719 sive
427 3658 501 3719 adeo
515 3661 648 3720 llemmio
660 3660 838 3721 Palaemone
856 3659 902 3736 (cl.
916 3661 1061 3722 Priscian.
1076 3658 1150 3722 560.
1167 3657 1239 3722 978.
1253 3657 1315 3721 993
1327 3661 1382 3738 9.),

127 3803 129 3807 .
235 3780 293 3840 ‘1¹¹0
317 3760 476 3822 Diomedes
499 3781 527 3839 p.
551 3758 659 3822 4351t.
685 3781 756 3823 usus
780 3770 834 3831 est,
860 3763 1033 3840 eisdemque
1057 3761 1156 3822 verbis
1178 3762 1330 3841 praecepit
1353 3765 1382 3822 in
1466 3831 1472 3840 ⁸

233 3871 297 3923 arte
312 3881 437 3941 gramm.
455 3883 482 3942 p.
500 3859 562 3924 372
578 3862 624 3934 ll.,
649 3864 698 3925 ubi
714 3864 793 3941 quod
817 3867 846 3924 in
871 3863 917 3924 his
939 3873 1063 3941 ereptae
1084 3867 1211 3939 virginis
1233 3867 1282 3923 iro
1299 3862 1381 3944 (Aen.

234 3964 258 4024 ll
280 3960 353 4041 413)
383 3964 506 4024 diastole
537 3975 605 4044 post
637 3975 760 4044 ereptae
794 3967 888 4045 posita
924 3964 1000 4027 male
1033 3964 1220 4026 cohaerentia
1255 3965 1383 4025 discerni

233 4067 328 4134 iussit,
354 4064 552 4143 intellegimus
575 4067 717 4146 quosdam
740 4077 847 4144 erepto
868 4086 884 4126 e
906 4071 1032 4142 uirginis
1054 4071 1104 4126 iro
1125 4067 1241 4144 legisse.
1288 4067 1382 4127 Facil-

232 4165 333 4226 limam
362 4175 460 4226 autem
490 4168 649 4228 dictionem
680 4168 804 4230 ‘mediis
833 4169 1002 4229 ell'usnsin
1029 4167 1134 4228 undis'
1166 4169 1236 4228 hen.
1262 4166 1298 4226 Vl
1319 4161 1383 4228 339

233 4287 270 4328 ne
305 4267 489 4336 admitteret,
527 4271 601 4330 mire
625 4279 791 4332 contortum
821 4271 979 4331 verborum
1009 4268 1143 4330 ordinem
1174 4268 1260 4330 ‘dum
1285 4280 1384 4330 servat

233 4369 329 4430 sidera
353 4371 383 4429 in
407 4370 493 4430 undis
517 4370 642 4433 mediis'
667 4373 850 4450 excogitavit.
