2962 4904
253 339 295 404 ‘20
702 366 942 409 ruormoonnun.

339 531 442 594 Restat
465 552 499 594 ox
523 539 610 596 tertio
632 537 711 597 libro
733 536 970 616 splendidissime
994 533 1289 614 tempiideseriptio,
1319 534 1397 613 quod

253 635 373 697 Caesari
407 647 492 697 roret
526 647 612 716 poeta
652 658 675 700 r.
711 636 749 699 13
779 656 860 719 sqq,
900 638 976 699 unde
1013 637 1087 698 itare
1121 639 1200 696 iurat
1229 634 1401 696 describere

162 811 165 816 .
253 733 304 814 (22
326 737 441 856 sun-ty

608 849 659 905 iarn
683 867 755 906 nunc
776 849 916 906 sollemnis
938 850 1038 912 (tueare
1060 864 1173 922 pompas

455 933 620 992 1111111111
644 935 716 991 iuvat
739 951 889 1010 caesosque
912 935 1002 991 videre
1026 934 1155 990 inurendos

453 1017 494 1072 vei
519 1035 615 1075 scaena
638 1029 669 1076 ut
692 1021 776 1075 rersis
800 1020 921 1076 discedat
944 1019 1080 1075 irontihus
1102 1027 1188 1092 nrqm

404 1108 436 1157 ‘25
458 1121 594 1179 purpurea
617 1102 713 1162 intexti
738 1105 836 1161 tollant
858 1105 951 1162 aulaea
974 1104 1102 1160 Britanni.

454 1189 611 1246 inferibus
629 1207 752 1266 *pugnam
777 1209 809 1246 ox
831 1207 898 1246 auro
922 1189 1066 1263 solidoque
1089 1188 1232 1261 elephanto

454 1273 634 1347 Gangaridum
657 1276 750 1332 idaiam
775 1277 941 1350 victorisque
964 1291 1037 1331 arma
1060 1273 1174 1342 Quirini.

454 1366 536 1432 atque
559 1361 604 1416 hic
628 1361 772 1418 undantem
795 1360 868 1417 hedo
891 1376 1075 1434 magnumque
1098 1358 1226 1414 fluentem

453 1442 541 1500 Nilum
564 1462 596 1500 ae
617 1445 704 1502 nauali
728 1446 867 1518 surgentis
889 1462 951 1504 aere
975 1445 1124 1502 columnas.

403 1527 550 1586 :redddam
575 1529 655 1586 urbes
678 1533 757 1587 Asiae
780 1531 897 1587 dontitas
925 1531 1090 1604 pulsumque
1112 1527 1244 1603 Niphaten

455 1611 637 1690 fidentemque
661 1616 724 1689 iugo
747 1615 875 1672 Parthum
899 1618 1040 1690 versisque
1063 1615 1171 1688 sagittis

453 1707 480 1755 et
502 1701 556 1756 duo
580 1708 656 1775 rapta
679 1717 758 1756 manu
782 1701 888 1758 diverso
912 1719 943 1756 ex
966 1702 1046 1758 hoste
1069 1708 1179 1774 tropaea

450 1783 549 1858 hisque
572 1787 752 1860 triumphatas
776 1795 893 1860 utroquo
915 1786 948 1841 ah
972 1786 1052 1842 htore
1076 1793 1182 1860 gentes,

266 1999 269 2002 .
336 1951 376 2011 Eu
408 1950 515 2029 quihus
543 1952 622 2033 quod
652 1970 789 2015 versuum
818 1949 859 2014 28
888 1971 932 2032 sq.
962 1960 991 2014 et
1013 1950 1053 2013 31
1081 1951 1161 2014 nulla
1189 1952 1220 2010 in
1242 1950 1399 2013 Probianis

251 2051 373 2112 seiroiiis
396 2054 604 2133 interpretatio
626 2053 743 2134 legium,
776 2074 836 2116 nou
861 2057 933 2116 satis
955 2055 1062 2138 idonea
1083 2072 1171 2116 causa
1194 2052 1318 2122 ridetur,
1344 2073 1398 2114 rur

249 2154 285 2213 de
309 2154 365 2214 tide
389 2174 492 2216 eorunm
515 2154 693 2218 dubitemus.
748 2157 802 2218 Hic
823 2158 915 2235 igitur
937 2156 1016 2236 quod
1040 2158 1168 2235 primum
1193 2155 1328 2215 Britanni
1352 2158 1397 2215 in·

249 2259 322 2317 terti
352 2257 453 2319 aulaea
484 2275 609 2319 scaenae
639 2257 744 2319 toliere
772 2258 909 2320 dicuntur
937 2278 963 2318 v.
993 2255 1048 2328 25,
1082 2259 1236 2318 victoriam
1269 2257 1397 2334 aliquam

251 2376 348 2438 nuper
371 2359 407 2419 de
430 2361 473 2420 eis
496 2355 675 2438 reportatam
699 2362 780 2439 tangi
802 2362 912 2422 trustra
928 2362 1070 2440 suspicati
1086 2367 1163 2421 suut.
1182 2359 1251 2419 Vivo
1268 2359 1398 2437 Vergilio

251 2459 429 2522 Octavianus
452 2470 496 2522 ter
520 2465 634 2540 paravit
656 2461 775 2542 quidem
800 2462 843 2522 voi
867 2481 973 2541 parare
1002 2481 1034 2523 se
1063 2461 1210 2522 simulavit
1232 2461 1397 2540 expeditio·

252 2581 320 2624 nem
345 2563 544 2624 Britannicam
568 2565 654 2625 annis
677 2561 739 2626 720
762 2563 825 2642 (uio
848 2563 1029 2644 xxxxttdt
1051 2561 1113 2642 38),
1137 2560 1197 2624 727
1223 2563 1311 2640 (idem
1332 2562 1396 2624 Lttt

249 2659 312 2740 22),
337 2660 398 2726 728
422 2663 510 2742 (idem
534 2664 596 2726 1111
619 2662 681 2746 25),
705 2667 775 2726 tecit
798 2673 897 2727 tamen
920 2683 1097 2743 numquam:
1122 2672 1154 2725 ut
1176 2663 1241 2725 iulii
1262 2667 1397 2726 Caesaris

249 2783 358 2827 unomen
386 2768 510 2846 Augusti
537 2766 603 2828 loeo
632 2767 710 2847 apud
734 2767 867 2829 Servium
896 2770 926 2828 in
955 2769 1012 2844 hoe
1039 2765 1152 2829 sohoiio
1178 2766 1395 2828 restituendum

249 2871 302 2928 sit:
327 2867 402 2930 ‘hoo
419 2868 583 2930 seeundum
600 2868 753 2932 historiam
771 2878 815 2932 est
829 2870 953 2932 locutus.
980 2869 1052 2930 Nam
1069 2871 1221 2947 Augustus
1237 2877 1395 2949 postquam

248 2973 317 3031 vicit
332 2971 524 3040 Britanniam,
548 2971 694 3050 plurimos
718 2972 754 3033 de
777 2973 908 3052 captivis,
932 2991 1006 3052 quos
1027 2971 1201 3041 abduxerat,
1224 2971 1344 3032 donavit
1359 2972 1396 3032 ad

248 3074 343 3134 officia
367 3073 533 3135 theatralia.
580 3075 666 3136 Bedit
690 3077 777 3136 etiam
800 3075 917 3144 aulaea,
945 3077 965 3136 i.
990 3094 1014 3136 e.
1046 3073 1204 3143 velamina,
1233 3073 1396 3154 inquibus

248 3176 426 3254 depinxerat
448 3177 584 3238 victorias
607 3196 676 3239 suas
699 3186 729 3237 et
750 3177 1000 3257 quemadmodum
1016 3179 1151 3238 Britanni
1174 3176 1212 3237 ah
1236 3194 1270 3236 eo
1295 3175 1395 3236 donati

249 3276 353 3337 eadem
379 3277 440 3338 vela
464 3287 627 3357 portarent,
652 3298 728 3358 quae
751 3299 785 3340 re
808 3298 876 3341 vera
904 3287 1024 3357 portare
1048 3281 1290 3340 consueverant)
1336 3278 1393 3338 Be·

247 3387 365 3438 nentem
388 3398 489 3441 rerum
512 3389 663 3460 gestarum
687 3385 860 3444 memoriam
884 3389 1003 3442 servant
1019 3401 1120 3443 tersus
1141 3387 1315 3458 sequentes:
1341 3381 1392 3440 sed

248 3482 395 3556 quarum?
439 3480 482 3541 nd
504 3484 619 3543 Artium
644 3492 673 3542 et
695 3482 803 3544 bellum
828 3482 960 3544 Siculum
991 3483 1038 3563 (11,
1061 3487 1132 3544 den.
1157 3479 1313 3560 7111884)
1338 3483 1393 3542 1111-

249 3581 336 3642 hitari
366 3601 424 3644 non
455 3592 553 3663 potest
583 3586 652 3662 quin
687 3594 823 3664 spectent
856 3604 961 3646 uersus
988 3581 1108 3663 2811),
1143 3604 1199 3646 nee
1221 3586 1392 3663 negauerim

248 3682 339 3745 orhos
354 3684 441 3746 Asiae
464 3687 589 3746 domitas
614 3687 647 3764 (r.
672 3684 723 3763 30)
748 3706 818 3749 cura
836 3689 987 3748 Octaviani
1002 3689 1100 3747 Asiam
1124 3683 1393 3747 111111111111723

243 3789 431 3865 peragrantis
455 3787 519 3865 (1110
531 3788 567 3849 tt
579 3785 609 3867 2)
634 3788 691 3858 diei
713 3792 862 3869 potuisse;
886 3809 923 3850 ne
940 3771 1116 3851 Parthorum
1140 3789 1260 3867 quidem
1285 3791 1321 3868 (v.
1339 3787 1389 3864 31)

247 3897 297 3949 ant
313 3888 513 3967 Gangaridum
537 3908 653 3970 pugnae
676 3895 712 3967 (r.
730 3888 770 3952 26
786 3894 842 3980 sq.)
865 3893 1045 3952 mentionem
1069 3894 1148 3953 eirea
1171 3891 1248 3952 idom
1272 3899 1392 3970 tempus

246 3991 378 4069 ineptam
402 3993 496 4054 tuisse
519 4011 553 4054 ex
578 3995 620 4054 eis
642 4012 718 4072 quae
741 4011 830 4072 supra
842 4013 871 4074 p.
890 3991 928 4054 16
941 4002 970 4054 et
983 3992 1022 4054 18
1035 3994 1247 4074 disputavimus
1271 4001 1299 4053 ut
1322 3992 1392 4054 inde

248 4103 382 4171 apparet,
413 4094 491 4171 quod
514 4103 575 4155 turn
599 4095 732 4164 demum,
764 4083 877 4175 ἐπειδὴ
906 4089 1024 4155 καὶτὰ
1047 4089 1213 4174 περὶτῶν
1236 4091 1392 4172 Πάρθων

243 4185 419 4274 γράμματα
446 4177 572 4276 ἦλθεν,
606 4199 739 4275 insignes
771 4197 813 4256 itti
849 4198 979 4259 honores
1007 4199 1127 4258 Caesari
1162 4199 1276 4258 decreti
1310 4209 1390 4268 sunt.

242 4313 317 4372 (puros
341 4307 495 4364 enumerat
518 4298 571 4358 Bio
594 4298 628 4358 Ll
652 4295 701 4358 20.
736 4298 809 4359 trem
834 4271 955 4375 prrlsuin
979 4301 1132 4378 Nrphnten
1163 4307 1197 4380 (v.
1222 4297 1273 4378 30)
1303 4301 1391 4360 duret

241 4400 381 4482 ‘pontem
406 4400 573 4480 indignatus
597 4404 724 4462 drases’
749 4403 819 4463 don.
847 4405 907 4464 Viii
932 4403 991 4466 728
1015 4405 1152 4468 laudihus
1175 4409 1308 4468 Caesaris
1332 4411 1388 4472 iarn
