2970 4896
261 314 324 378 366
709 333 952 376 enneanouemt.

262 501 376 563 tellexit
390 500 598 562 Walelieldus.
631 500 703 560 Nam
719 500 924 562 molestissima
948 499 1020 560 baec
1042 498 1152 560 ‘cauda
1175 500 1208 558 in
1231 499 1405 579 speluncam

261 612 374 665 tractos
397 606 548 681 versisque
573 603 684 664 viarum
707 602 825 663 indiciis
853 610 960 679 raptos
987 619 1058 662 saxo
1087 599 1255 661 occultabat
1278 607 1404 680 opaeo’;

262 706 346 782 quasi
382 713 485 783 raptos
518 721 583 764 esse
616 703 746 764 nondum
785 705 856 764 satis
890 702 1098 764 inculcavisset
1129 710 1216 780 poeta
1251 711 1281 762 et
1316 702 1405 762 verbo

262 808 399 866 ‘avertit'
424 824 448 864 v.
473 801 536 866 208
560 813 590 864 et
613 814 732 866 narrato
755 806 877 882 vestigia
900 804 1033 864 vertendi
1049 804 1182 864 artillcio.
1260 806 1406 865 Atrociter

261 915 295 969 ut
316 906 392 968 solet
413 909 604 967 metricorum
627 906 857 983 gloriosissimus
884 906 995 966 invexit
1023 907 1053 966 in
1081 923 1276 965 numerorum
1300 904 1406 983 quibus

261 1014 333 1069 Aen.
357 1006 395 1067 lX
418 1005 458 1068 67
482 1018 575 1068 artem
597 1011 782 1086 corruperim
806 1005 1004 1066 insolentiam.
1049 1007 1131 1077 Quae
1153 1008 1178 1066 si
1201 1024 1248 1066 me
1271 1006 1404 1082 fugisset,

262 1129 321 1171 non
350 1109 566 1170 adnotavissem
594 1111 624 1168 iu
654 1107 770 1168 emend.
800 1107 887 1184 Verg.
916 1127 947 1186 p.
980 1104 1018 1168 16
1046 1107 1168 1167 consilio
1196 1106 1338 1184 spondeis
1366 1107 1413 1166 uti..

261 1221 378 1291 poetam
402 1211 454 1270 ‘ad
479 1209 681 1290 depingendae
704 1209 896 1288 oppugnandi
919 1227 1032 1277 morae,
1064 1225 1123 1284 quo
1146 1207 1275 1268 velocius
1304 1217 1405 1286 postea

261 1311 367 1392 dactyli
390 1312 426 1372 ad
448 1329 537 1372 aures
560 1311 752 1372 acciderent?
784 1311 921 1372 Poteram
944 1309 1053 1370 addere
1075 1311 1270 1387 pervicaciam
1293 1318 1325 1369 et
1346 1317 1404 1368 tor·

261 1431 324 1473 vam
348 1414 456 1472 mentis
472 1411 710 1479 obstinationem,
736 1429 793 1488 qua
808 1410 997 1490 inrumpendi
1011 1410 1109 1472 iocum
1125 1410 1270 1487 dispiciat,
1286 1397 1405 1469 Turnus

262 1513 307 1574 bis
330 1515 402 1592 ipsis
424 1511 634 1592 monosyllabis
657 1514 791 1589 quamvis
813 1512 939 1574 insolitis
961 1511 1038 1572 bene
1061 1513 1201 1591 exprimi:

414 1636 467 1691 qua
492 1626 605 1690 temptet
627 1619 733 1674 ratione
756 1617 844 1672 aditus
868 1625 895 1672 et
917 1634 975 1688 quo
998 1621 1025 1673 ui
1046 1617 1154 1674 clausos

414 1703 532 1759 excutiat
555 1703 676 1760 Teucros
699 1702 768 1759 vallo
792 1710 874 1776 atque
897 1698 1018 1759 eilnndat
1042 1705 1069 1758 in
1092 1719 1203 1776 aequor.

262 1817 335 1878 Nam
358 1787 437 1895 quod
461 1827 490 1878 et
512 1817 633 1878 Servius
661 1820 692 1878 in
720 1819 783 1878 suis
806 1825 835 1877 et
857 1835 912 1877 nos
935 1819 965 1876 in
988 1816 1210 1895 exemplaribus
1233 1818 1405 1895 FMPpbcp

264 1918 389 1996 legimus
411 1923 461 1979 uia
484 1925 547 1978 tum
569 1918 690 1980 demum
714 1918 874 1980 concedam
899 1937 1001 1978 verum
1024 1935 1105 1987 esse,
1135 1920 1160 1977 si
1183 1920 1249 1996 quis
1271 1918 1405 1978 docuerit

198 2061 200 2064 -
260 2024 347 2089 viam,
373 2039 432 2081 non
457 2022 512 2079 vim
536 2028 618 2081 recte
633 2020 692 2080 dici
707 2028 847 2080 excutere
864 2028 893 2080 ct
908 2019 1061 2080 eilundere
1077 2019 1210 2080 Teucros
1232 2021 1262 2079 in
1278 2019 1403 2098 aequor:

263 2105 352 2181 et'tt
372 2118 437 2181 494
473 2121 499 2182 X
521 2118 584 2182 864
606 2129 636 2180 et
659 2123 785 2181 maxime
809 2119 846 2180 tit
861 2117 933 2181 399.
1021 2127 1093 2182 Aen.
1117 2121 1156 2181 lX
1175 2116 1234 2181 146
1257 2121 1335 2200 quod
1360 2139 1405 2180 re·

263 2225 346 2301 posui
378 2227 434 2284 sic
467 2240 522 2301 pro
556 2242 592 2282 eo
625 2221 703 2301 quod
738 2225 768 2283 in
791 2223 990 2299 FMPprcd
1018 2222 1158 2282 traditum
1181 2231 1226 2281 est
1247 2224 1301 2282 sed
1323 2221 1406 2282 video

264 2342 343 2384 nunc
371 2323 516 2384 Ladevico
544 2341 662 2402 quoque
690 2323 818 2401 placere.
914 2323 1087 2384 Necessaria
1121 2324 1222 2384 nescio
1255 2325 1341 2384 cuins
1372 2343 1406 2383 ex

263 2423 427 2485 editoribus
449 2433 518 2484 ante
534 2424 661 2484 Pierlum
679 2424 847 2484 emendatio
871 2435 925 2493 est,
950 2443 1005 2503 qua
1028 2426 1099 2484 inv.
1117 2422 1180 2485 226
1202 2431 1231 2483 et
1251 2426 1405 2492 inseritur,

263 2528 370 2586 omissa
392 2528 422 2586 in
445 2524 529 2584 libris
552 2534 697 2604 quotquot
720 2526 854 2585 novimus
876 2523 1015 2585 omnibus
1038 2526 1246 2602 FMPttyth.
1336 2527 1407 2586 Ver·

263 2646 328 2687 snm
352 2623 416 2687 403
439 2627 496 2686 iam
518 2629 613 2705 Asper
636 2635 811 2705 corruptum
834 2625 922 2704 legit,
951 2645 1039 2706 quem
1067 2635 1190 2687 secutus
1212 2635 1258 2686 est
1280 2627 1406 2687 Priscia-

264 2746 328 2796 nus,
359 2735 388 2787 et
411 2734 584 2806 temptatum
607 2746 672 2789 esse
701 2747 716 2788 a
740 2729 853 2789 criticis
877 2727 1025 2788 veteribus
1048 2727 1147 2806 prodit
1169 2729 1248 2788 varia
1271 2729 1408 2789 codicum

263 2830 438 2906 MPpbcmd
460 2836 490 2889 et
512 2830 575 2889 RV
606 2832 769 2908 scriptura:
812 2831 943 2890 correxit
973 2825 1039 2889 me'a
1073 2830 1218 2890 sententia
1249 2814 1407 2907 llergkius.

308 2929 374 2990 Non
398 2939 555 2992 excusatur
577 2932 607 2990 in
631 2930 677 2991 bis
699 2927 762 2992 512
784 2949 847 3011 sqq.
867 2997 869 3002 ¹

405 3069 465 3108 saxa
490 3070 600 3125 qnoque
622 3053 723 3108 inlesto
746 3052 889 3108 volvebant
911 3053 1045 3126 pondere.
1069 3055 1147 3126 siqua

404 3146 516 3210 possent
539 3145 636 3194 tectam
660 3139 744 3193 aciem
768 3153 958 3210 perrumpere:
981 3154 1045 3193 cum
1069 3146 1157 3192 tamen
1181 3139 1270 3193 omnis

404 3222 476 3278 ierre
499 3224 575 3278 iuuat
597 3231 692 3296 supter
714 3223 798 3278 densa
822 3223 956 3279 testudine
980 3239 1066 3278 casus.

405 3323 455 3362 nec
478 3308 530 3361 inm
552 3306 693 3362 suilieinnt
715 3322 738 3361 e.
764 3324 791 3378 q.
814 3321 836 3362 s.

265 3437 438 3498 indicativus
472 3442 556 3498 iuvat
588 3438 738 3499 alacritate
771 3456 859 3516 quarn
888 3438 1051 3514 Wagnerus
1078 3439 1225 3516 praetexit
1253 3440 1408 3498 orationis.

265 3538 456 3598 Notissimum
481 3533 626 3616 estquod
657 3537 761 3599 eodem
789 3540 853 3598 lere
881 3541 1025 3617 temporis
1053 3548 1213 3608 momento,
1237 3558 1297 3618 quo
1331 3540 1410 3600 aliud

264 3637 402 3715 quiddam
416 3641 523 3715 agitur,
545 3641 672 3700 maxime
684 3646 782 3700 auteur
794 3640 872 3718 quod
885 3641 977 3700 semel
990 3640 1088 3702 subito
1101 3641 1143 3711 nt,
1167 3659 1248 3700 mera
1265 3645 1411 3719 temporis

198 3773 202 3776 -
264 3740 478 3815 significatione
501 3741 657 3803 indicativo
681 3749 748 3820 post
774 3743 1016 3802 coniunctionem
1032 3759 1098 3802 caan
1120 3744 1248 3820 exprimi
1264 3741 1410 3822 (exempla

267 3857 394 3917 quaeras
418 3842 495 3920 apud
518 3845 616 3920 ipsum
640 3843 819 3921 Wagnerum
843 3844 878 3903 ad
901 3842 940 3903 lll
962 3840 1045 3919 301).
1090 3843 1147 3902 Sed
1170 3845 1256 3904 ‘cum
1278 3847 1410 3910 tamen’,

268 3941 376 4018 quibus
392 3941 440 4002 iric
459 3947 620 4022 opponitur
633 3947 806 4012 constantia,
828 3961 885 4022 qua
905 3946 1048 4022 repetitos
1066 3962 1205 4006 saxorum
1217 3946 1411 4005 iaetussusti-

265 4044 385 4102 nuorint
408 4044 518 4113 hostes,
553 4045 684 4124 llagitant
707 4065 773 4107 meo
809 4064 899 4106 sensu
926 4047 1157 4114 coniunctivum,
1194 4062 1281 4122 quem
1310 4053 1410 4106 tamen

266 4162 335 4205 cave
359 4143 459 4205 elicias
483 4165 517 4206 ox
533 4147 657 4208 Palatini
681 4145 739 4207 ml
761 4146 871 4208 lVilE'l'
888 4149 1046 4226 scriptura,
1071 4166 1157 4224 qnam
1176 4164 1234 4208 non
1259 4165 1295 4206 ex
1319 4151 1410 4221 iuuet,

266 4245 318 4305 sod
342 4263 376 4304 ex
400 4245 577 4323 glossemate
599 4249 678 4308 lubet
700 4255 795 4309 ortam
819 4267 885 4309 esse
908 4248 1016 4309 docent
1042 4250 1163 4310 MRbm.
1213 4246 1276 4308 Hoc
1300 4259 1409 4318 autem,

266 4367 370 4408 omncs
394 4349 465 4408 lerri
488 4367 587 4418 casua,
624 4359 710 4427 poeta
734 4352 759 4408 si
781 4349 1008 4419 adlirmavisset,
1043 4368 1148 4428 parum
1170 4349 1288 4410 lortiter
1311 4353 1411 4412 statim
