2956 4906
240 308 303 370 232
693 324 935 368 rnonnuouarm.

232 513 357 574 'quoque
384 498 421 570 Ε,
451 495 522 556 item
550 490 650 572 proF
680 491 826 569 anguillae
853 464 957 552 similis
986 509 1024 570 ς,
1060 510 1115 570 pro
1142 491 1153 550 l
1183 491 1276 551 vocali
1304 493 1389 570 quasi

240 615 384 658 numerus
423 594 560 655 arabicus
599 591 724 672 simplex
755 591 772 652 l
813 583 938 670 legitol,
978 591 1094 654 litterae
1128 593 1152 664 Q
1186 592 1290 654 eadem
1326 595 1389 655 lere

240 702 335 760 torma
364 714 440 774 quae
471 697 501 755 in
533 693 687 754 Prudentii
721 693 822 754 codice
857 694 949 771 estQ
982 694 1069 771 (apud
1102 694 1295 756 Prudentium
1319 697 1387 776 ζρ),

241 799 348 877 duplex
383 798 476 858 torma
511 796 676 856 litterarum
700 796 721 856 G
747 795 779 872 ll,
805 803 834 856 et
855 795 902 873 (J),
932 795 957 856 Η
982 795 1017 874 ()ι
1050 803 1080 855 et
1105 795 1161 874 il),
1192 797 1271 872 Plu
1294 805 1325 858 et
1339 797 1388 874 P),

241 902 265 962 Τ
299 901 332 981 (l
368 907 398 958 et
430 898 485 977 ἶ),
523 916 610 977 quam
643 898 770 956 maxime
807 896 936 973 denique
973 898 1052 958 varia
1085 896 1195 958 vocalis
1229 899 1251 957 V
1286 895 1325 974 (V
1361 895 1391 954 V

242 1002 308 1074 llll
337 1004 359 1074 lt
386 1007 416 1060 et
439 1016 515 1077 quae
537 1000 615 1059 inter
641 997 694 1058 has
724 997 822 1059 media
853 1006 936 1058 sunt:
977 997 999 1077 b
1029 999 1059 1058 in
1090 997 1244 1059 Prudentii
1266 998 1387 1078 codice).

240 1102 361 1166 Accedit
383 1110 480 1162 autem
504 1100 539 1160 ad
569 1099 659 1160 huius
689 1098 799 1166 codicis
830 1097 1053 1160 similitudinem
1083 1101 1162 1161 inter
1183 1119 1288 1161 omncs
1311 1109 1390 1162 cete-

241 1224 292 1267 ros
325 1211 468 1281 quaritum
502 1201 586 1262 video
617 1202 753 1280 proxime
781 1199 997 1262 Ambrosianus
1026 1201 1287 1263 Ciceronianarum
1324 1222 1389 1263 ora-

242 1308 354 1368 tionum
396 1305 461 1383 (pro
500 1304 613 1366 Scauro
648 1299 715 1380 etc.)
755 1299 975 1380 palimpsestus.
1042 1304 1138 1379 Atque
1182 1304 1307 1366 eandem
1345 1303 1389 1364 vel

244 1408 316 1469 adeo
340 1407 482 1467 maiorem
505 1405 669 1464 lormarum
703 1406 875 1465 varietatem
896 1405 928 1464 in
956 1406 1050 1464 muris
1073 1404 1261 1483 Pompeianis
1283 1425 1376 1486 agnos

242 1511 335 1571 cimus
369 1507 445 1587 (vide
472 1507 503 1565 in
526 1504 681 1566 Ritschelii
710 1505 848 1566 thesauro
877 1505 935 1566 tab.
962 1504 1040 1567 XVII
1060 1523 1092 1570 n.
1115 1503 1167 1568 28.
1189 1504 1247 1578 30,
1282 1509 1391 1587 quibus

242 1609 331 1690 paulo
354 1607 526 1686 diligentius
548 1608 678 1685 scriptae
700 1604 742 1668 23
765 1615 795 1666 et
815 1603 877 1686 22).

325 1710 404 1788 Ergo
436 1727 491 1787 per
513 1727 546 1769 se
567 1708 661 1768 multo
683 1709 780 1769 minus
805 1708 840 1768 ad
858 1709 999 1770 amussim
1017 1711 1162 1789 scriptum
1181 1713 1336 1792 exemplar
1348 1714 1391 1774 rel

242 1811 482 1893 splendidissimo
498 1819 528 1871 et
548 1809 771 1870 accuratissimo
795 1817 935 1887 quattuor
955 1809 1030 1870 adeo
1053 1811 1178 1873 saeculis
1200 1823 1300 1892 potest
1319 1819 1391 1878 anti·

242 1917 329 1996 quius
341 1932 419 1981 esse,
433 1930 488 1972 uec
500 1909 709 1973 abstinuerunt
720 1910 765 1971 vel
779 1912 876 1990 primo
891 1911 1010 1974 saeculo
1026 1911 1139 1974 librarii
1151 1913 1392 1992 neglegentiores

241 2017 345 2077 lormis
357 2013 522 2076 litterarum
533 2011 758 2098 rotundioribus
773 2022 802 2073 et
813 2013 930 2074 cursivo
945 2015 1049 2091 generi
1062 2013 1265 2078 similioribus.
1281 2017 1392 2080 lmitari

242 2127 341 2179 autem
354 2115 398 2203 vel
409 2112 803 2193 pulcherrimaslitterarum
812 2113 980 2193 capitalium
993 2115 1106 2175 lormas
1118 2117 1148 2177 in
1161 2119 1255 2180 sacris
1265 2121 1392 2180 maxime

246 2217 331 2279 libris
348 2226 377 2279 et
398 2219 427 2277 ln
446 2216 546 2276 titulis
569 2214 874 2293 subscriptionibusre
896 2233 934 2277 ne
957 2223 1025 2294 post
1040 2219 1175 2293 quintum
1191 2219 1312 2298 quidem
1330 2239 1391 2283 sae-

246 2319 345 2380 culunr
358 2335 453 2395 usque
466 2317 501 2378 ad
514 2317 662 2378 decimum
675 2316 891 2378 dedidicerunt.
921 2317 1028 2378 lllixtae
1048 2337 1084 2378 ex
1103 2320 1277 2400 capitalibus
1296 2331 1326 2384 et
1339 2325 1391 2384 nai·

244 2420 367 2483 rioribus
390 2421 497 2480 litteris
520 2421 684 2498 scripturae
708 2417 875 2495 eucarpium
900 2417 979 2496 quod
1002 2427 1102 2480 certae
1125 2419 1274 2499 adsignari
1298 2426 1392 2503 possit

244 2524 333 2584 aetati
347 2523 503 2600 Augustini
518 2519 737 2582 Bellovacensis
753 2519 829 2597 apud
845 2519 1047 2581 lllabillonium
1070 2539 1099 2600 p.
1115 2518 1176 2583 357
1201 2542 1229 2583 n.
1254 2521 1275 2584 3
1299 2525 1391 2586 codex

244 2633 298 2692 est,
322 2601 407 2684 cuius
432 2621 614 2701 subscriptio
637 2615 673 2680 ad
697 2639 807 2680 annum
830 2617 892 2682 625
915 2623 1057 2700 pertinet.
1109 2623 1141 2684 ln
1170 2640 1321 2700 quocum
1345 2647 1391 2688 ca·

244 2724 347 2804 pitales
363 2726 422 2784 sint
437 2724 453 2786 l
471 2723 493 2802 (5
509 2722 594 2783 le
608 2720 668 2783 Oli
682 2721 702 2782 S
714 2721 755 2790 T,
779 2721 959 2783 maiusculae
977 2726 1003 2786 ὰ
1017 2719 1039 2784 b
1056 2729 1092 2779 tit
1107 2733 1127 2788 t
1144 2727 1185 2794 (l,
1210 2727 1392 2790 minusculae

250 2819 268 2882 b
293 2845 310 2886 e
333 2822 354 2886 h
377 2846 398 2908 p
421 2845 456 2908 q.
489 2826 656 2886 universam
679 2821 798 2899 quidem
822 2822 899 2883 hanc
922 2843 1056 2885 normam
1085 2844 1154 2887 vere
1176 2826 1313 2889 ridemur
1335 2837 1391 2890 sta·

239 2938 343 2996 turre,
367 2936 401 2986 ut
423 2925 548 2988 saeculis
570 2933 654 2985 serto
678 2933 708 2983 et
730 2926 857 3002 septimo
881 2926 908 2986 ei
929 2925 1100 2988 tribuantur
1122 2926 1206 2995 libri,
1230 2928 1260 2988 in
1284 2931 1392 3010 quibus

245 3030 334 3088 nrirta
357 3035 521 3112 appareant
544 3026 708 3102 litterarum
737 3043 864 3104 genera,
899 3044 934 3086 eo
963 3036 1061 3088 aretem
1090 3030 1215 3107 propios
1245 3033 1392 3111 attingere

246 3132 380 3207 quintum
404 3127 555 3190 saeculum
578 3127 710 3188 codicem
735 3145 793 3204 quo
808 3127 911 3206 plures
928 3131 1088 3190 servaverit
1110 3129 1225 3192 litteras
1241 3133 1391 3212 capitales,

249 3239 392 3302 octavum,
415 3249 475 3310 quo
498 3229 599 3308 plures
622 3229 775 3291 admiserit
796 3228 984 3291 maiusculas.

329 3333 388 3393 Sed
410 3334 489 3393 inter
511 3331 695 3409 Vergilianos
723 3329 843 3392 codices
870 3331 1091 3418 antiquissimos
1120 3341 1234 3412 septem
1264 3333 1321 3396 bae
1347 3339 1392 3398 in·

248 3433 408 3494 terceduut
431 3435 596 3512 scripturae
619 3434 760 3493 rationes.
784 3433 909 3493 Maxima
925 3433 1120 3494 similitudine
1142 3435 1220 3495 iuter
1243 3455 1276 3496 se
1299 3440 1393 3498 eonti-

247 3541 356 3595 nentur
378 3532 415 3593 ab
443 3533 536 3594 altera
569 3542 653 3613 parte
680 3532 809 3594 schedae
832 3535 859 3594 Α
887 3541 917 3595 et
940 3537 965 3595 G
993 3535 1031 3612 (id
1061 3534 1141 3612 quod
1169 3555 1229 3596 non
1259 3538 1337 3616 lngit
1357 3539 1391 3600 li.

247 3635 458 3696 llollmannum
491 3653 559 3696 cum
588 3635 697 3696 Pertzii
724 3636 876 3696 inventum
912 3637 1061 3696 enarravit
1088 3637 1118 3696 in
1146 3635 1263 3716 ephcm.
1293 3658 1391 3720 gynrn.

244 3739 342 3797 Austr.
367 3755 445 3797 anno
470 3732 552 3798 1865
574 3713 603 3815 p:
629 3731 709 3816 132),
733 3736 770 3797 ab
793 3736 885 3797 altera
908 3739 984 3797 Pet
1006 3739 1035 3798 R
1058 3736 1184 3814 codices
1229 3739 1303 3801 Nam
1326 3741 1393 3802 illae

246 3855 314 3899 cum
338 3836 517 3916 largioribus
541 3845 570 3897 ct
592 3837 788 3899 crassioribus
811 3846 839 3898 et
855 3838 1026 3916 quadratam
1043 3839 1106 3898 lere
1121 3839 1249 3901 lormam
1264 3857 1393 3920 aequan-

244 3938 322 3998 tibus
348 3938 456 4000 litteris
479 3941 657 4018 conspicuae
680 3941 747 4008 sint,
772 3939 802 4000 bi
824 3939 960 4017 oblongis
976 3949 1004 4000 et
1020 3939 1169 4016 aliquanto
1184 3941 1393 4018 gracilioribus

246 4046 276 4099 et
299 4041 392 4116 magis
417 4043 553 4110 curratis,
585 4040 636 4101 sed
661 4042 703 4102 eis
724 4042 861 4119 prolecto
885 4059 943 4101 non
967 4043 1065 4102 minus
1088 4041 1189 4102 nitidis
1211 4041 1298 4104 aliam
1321 4063 1393 4106 sane

247 4140 434 4220 disciplinam
459 4141 503 4202 vel
526 4142 770 4204 consuetudinem
793 4141 943 4204 scribendi
966 4150 1203 4221 repraesentant.
1240 4145 1394 4208 Proximos

245 4263 261 4302 a
284 4241 409 4303 Palatini
432 4250 461 4302 et
484 4242 608 4304 Romani
632 4242 778 4319 elegantia
806 4243 930 4304 schedas
960 4247 1146 4306 Veronenscs
1169 4247 1231 4321 (l')
1256 4245 1393 4320 dixerim,

244 4343 295 4404 sed
319 4344 375 4428 bae
399 4353 431 4406 ut
452 4344 609 4407 similiores
633 4346 720 4406 etiam
744 4347 804 4406 siut
831 4349 986 4407 Vaticanis
1008 4349 1076 4422 (F).
1107 4347 1247 4410 Omnium
1272 4367 1343 4410 vero
1368 4351 1395 4428 si
