3038 4912
571 366 815 412 rnousdontnns.

325 559 410 616 ecqua
434 549 522 598 tamen
546 548 661 616 pucrost
683 541 800 599 amissae
822 559 887 599 cura
908 542 1050 618 parentisi

324 627 421 702 ecquid
443 629 470 684 in
493 629 633 702 antiquam
655 629 783 684 virtutem
805 629 964 704 animosque
987 626 1074 684 virilis

326 720 354 769 et
375 719 455 788 pater
475 713 581 770 Aeneas
604 720 632 770 et
653 712 800 770 avonculus
824 716 921 772 excitat
943 713 1061 772 Hectori

121 950 232 1011 donem
267 947 447 1010 hemistichii
479 955 625 1028 quotquot
659 946 799 1028 supplere
832 951 929 1010 conati
961 957 1031 1012 sont
1061 948 1269 1030 praetulerunt

122 1050 299 1113 schedarum
324 1051 530 1112 Vaticanarum
553 1049 799 1128 reliquorumque
821 1049 966 1120 librorum
991 1051 1117 1134 (Fyabc)
1140 1052 1266 1132 scriptu-

121 1171 185 1214 ram
208 1171 295 1230 quem
322 1151 366 1213 illi
393 1169 481 1230 quae.
538 1151 572 1213 ln
601 1151 710 1229 quibos
738 1169 773 1212 ex
797 1153 973 1230 antiquioris
995 1155 1099 1215 aetatis
1120 1171 1266 1232 gramma-

120 1256 189 1317 ticis
224 1256 280 1316 luit
315 1255 403 1316 etiam
433 1253 572 1316 Claudius
602 1253 762 1324 Sacerdos,
798 1256 848 1334 qui
871 1254 1025 1335 ‘ellipsin’
1048 1273 1136 1335 quam
1166 1257 1269 1318 statuit

121 1355 328 1419 subaudiendo
358 1356 449 1418 verbo
473 1356 590 1418 ‘dedit'
615 1355 763 1437 explicare
785 1375 845 1418 non
868 1357 957 1419 nimis
978 1357 1114 1436 proiecto
1143 1357 1268 1420 feliciter

120 1461 151 1520 in
189 1460 322 1520 animum
355 1458 515 1520 induxerit
573 1458 723 1538 Quidquid
752 1465 850 1519 autem
884 1457 1034 1520 addideris
1068 1459 1105 1521 de
1132 1463 1266 1530 Ascanio,

122 1563 248 1622 otiosum
273 1578 339 1621 esse
362 1562 459 1621 sentio
483 1566 550 1640 post
571 1561 837 1639 interrogationem
861 1559 941 1622 illam
964 1561 1054 1639 ‘quid
1082 1581 1157 1642 puer
1178 1565 1265 1624 Asea-

120 1665 209 1726 niusl
232 1663 431 1742 superatnei’
460 1661 563 1743 ltaque
575 1664 670 1724 maior
686 1662 822 1724 habenda
834 1663 908 1725 hdes
919 1663 1043 1724 bledicei
1058 1661 1127 1726 libri
1144 1667 1266 1734 auctori,

121 1769 174 1844 qui
186 1765 307 1844 qualem
318 1762 439 1842 reliquit
450 1773 538 1843 pocta
548 1764 685 1826 lacunam
696 1783 816 1826 servare
834 1781 922 1842 quam
935 1767 997 1827 suis
1009 1768 1184 1827 commentis
1200 1785 1266 1828 cor·

121 1885 261 1947 rumpere
280 1885 385 1947 poema
402 1866 550 1928 maluerit.
583 1867 677 1938 Quem
691 1869 742 1947 qui
757 1875 878 1930 secutus
896 1875 941 1929 est
952 1868 1119 1947 Wagnerus
1134 1876 1216 1930 recte
1228 1868 1264 1930 ad

121 1971 264 2032 Creusam
288 1968 494 2030 antecedentia
517 1986 635 2050 quoqne
659 1973 707 2030 ‘et
730 1970 857 2030 vescitur
879 1971 988 2031 aurai'
1016 1971 1147 2040 rettulit,
1171 1971 1264 2032 idem·

120 2092 179 2153 qne
200 2080 283 2134 recte
305 2073 436 2141 monuit,
465 2089 526 2132 non
549 2089 616 2134 esse
639 2070 817 2133 ‘verisimile
839 2072 980 2135 Creusam
1003 2073 1121 2135 alhnem
1145 2072 1266 2134 silentio

120 2176 278 2256 praeteriri
305 2174 342 2235 ab
364 2173 600 2236 Andromacha’.
655 2172 749 2235 lmmo
775 2175 855 2238 inter
882 2175 1003 2255 pavidas
1029 2184 1156 2246 matres,
1192 2195 1267 2256 quas
1309 2185 1310 2194 ’

119 2277 209 2356 longo
238 2276 343 2339 ordine
372 2277 601 2337 circumstantes
628 2277 659 2337 in
687 2295 755 2338 arce
784 2277 893 2338 Priami
926 2277 1049 2338 rediens
1076 2279 1107 2339 in
1136 2277 1266 2339 dirutam

120 2380 227 2442 urbem
265 2379 379 2441 deneas
418 2386 615 2460 conspexerat
654 2379 690 2460 (ll
730 2375 824 2456 765),
865 2398 988 2459 prorsus
1021 2377 1176 2459 probabile
1222 2387 1268 2442 est

123 2484 210 2544 etiarn
238 2479 466 2542 Andromachen
497 2482 641 2561 captivam
670 2480 776 2562 Pyrrhi
803 2482 894 2542 luisse
929 2489 958 2542 et
986 2481 1105 2543 audisse
1133 2483 1268 2544 vocantis

121 2586 259 2665 pervias
281 2583 420 2643 amissam
451 2583 607 2660 coniugem
636 2581 781 2646 clamores
810 2583 844 2662 (ll
868 2581 930 2645 769
952 2582 1017 2664 sq).
1074 2583 1132 2654 Oui
1166 2592 1267 2646 utrum

123 2686 287 2765 reperisset
308 2683 427 2745 tandem
451 2703 538 2764 quarn
562 2687 644 2746 ‘sine
659 2686 718 2746 tine
734 2690 844 2747 ruens'
867 2705 922 2766 per
944 2693 1020 2747 tecta
1043 2693 1073 2747 et
1094 2687 1154 2747 vias
1177 2705 1267 2767 quae·

121 2791 209 2850 sisset
225 2805 329 2856 necne,
354 2787 491 2866 quoniam
509 2795 579 2848 tnnc
602 2807 662 2849 non
684 2789 831 2866 cognovit,
856 2789 914 2849 iam
929 2789 1104 2849 resuscitata
1125 2789 1266 2850 funestis·

121 2891 187 2950 simi
209 2889 270 2950 diei
292 2890 436 2950 memoria
459 2888 538 2968 quod
559 2891 732 2968 interrogat,
756 2890 827 2969 quid
849 2892 943 2969 magis
959 2889 1004 2950 vel
1020 2909 1119 2952 mores
1135 2890 1268 2952 mulieris

122 2991 167 3052 vel
189 2991 283 3052 altiuis
305 2989 542 3052 benevolentiam
566 2991 708 3052 decebat?
757 2991 817 3053 lam
841 2992 919 3071 quod
942 2994 1006 3073 ipse
1028 3001 1115 3072 poeta
1139 2992 1265 3063 divinus,

121 3113 187 3155 cuna
212 3094 345 3171 quamvis
368 3092 448 3154 lente
476 3093 673 3174 progrediens
701 3095 798 3174 primo
827 3097 984 3156 conamine
1013 3110 1117 3156 versus
1147 3093 1266 3156 schedis

119 3187 336 3264 bommitteret,
365 3195 506 3276 supplere
529 3215 618 3258 ausus
641 3214 701 3257 non
724 3203 783 3265 est,
812 3196 951 3276 supplere
980 3204 1101 3259 nostrae
1129 3197 1266 3276 prolecto

122 3291 260 3360 ruditatis
282 3297 403 3358 minime
426 3306 480 3360 est.
526 3297 584 3359 Sed
608 3297 725 3378 qualem
747 3301 925 3360 sententiam
947 3299 1126 3386 'cogitaverit
1161 3307 1194 3359 ut
1221 3300 1265 3360 in·

122 3398 340 3478 tellegeremns,
364 3399 435 3461 lecit
457 3399 576 3461 elimato
597 3419 685 3462 versu
701 3397 762 3462 341
786 3404 892 3480 ‘ecqua
913 3408 1013 3462 tamen
1035 3408 1159 3480 puerost
1180 3402 1266 3462 amis-

123 3521 172 3563 sae
194 3520 267 3563 cura
288 3503 457 3581 parentisi'
488 3502 572 3565 Unde
594 3511 725 3583 apparet,
750 3503 787 3563 dc
810 3503 917 3563 amissa
940 3519 996 3562 nec
1018 3510 1138 3582 reperta
1161 3522 1267 3566 rursus

121 3605 230 3666 Creum
242 3603 375 3673 eandem,
391 3621 466 3682 quoe
478 3605 567 3666 modo
579 3605 609 3666 id
621 3607 718 3685 ipsum
730 3607 973 3682 interrogaverat,
989 3606 1150 3666 certiorem
1158 3605 1265 3668 iactam

122 3725 197 3768 esse.
221 3706 282 3767 lam
297 3712 455 3785 postquam
471 3709 515 3768 sic
528 3707 593 3768 iere
609 3710 857 3786 interrogaverat:
874 3707 921 3767 ‘et
938 3708 1066 3768 vescitur
1080 3727 1162 3778 aura,
1187 3727 1265 3787 quae

124 3808 176 3869 tibi
198 3810 255 3870 iam
278 3808 368 3869 Troia
392 3827 513 3888 egresso
535 3811 642 3871 amissa
665 3817 695 3871 et
717 3817 799 3871 tanto
822 3809 920 3870 studio
943 3811 1076 3889 quaesita
1101 3811 1183 3871 estl'
1208 3811 1267 3889 (hic

123 3919 220 3973 autern
245 3919 274 3971 et
296 3911 468 3990 quaerentis
490 3914 666 3973 anxietatem
695 3913 898 3974 commisereri
927 3918 956 3972 ct
984 3913 1156 3992 rapinarum
1185 3912 1265 3975 illius

123 4014 218 4074 noctis
245 4015 420 4073 memoriam
447 4032 592 4076 renovare
621 4015 760 4095 poterat),
795 4031 916 4075 necesse
945 4023 989 4075 est
1010 4015 1139 4076 Aeneam
1167 4015 1266 4094 aliquo

123 4115 211 4177 modo
233 4117 294 4176 sive
317 4115 416 4176 verbis
440 4117 501 4177 sive
523 4119 607 4197 signo
630 4115 761 4198 quolibet
783 4115 983 4196 respondisse,
1007 4116 1135 4197 denique
1151 4117 1264 4178 Andro·
1347 4177 1348 4186 ,

127 4215 251 4279 machen
282 4218 369 4296 pueri
396 4225 491 4280 matre
520 4218 616 4281 orbati
645 4227 756 4281 sortem
790 4226 893 4280 tenere
922 4220 1159 4280 commiseratam
1190 4239 1264 4290 esse,

123 4320 230 4400 quibus
251 4320 338 4381 iacile
361 4319 428 4382 addi
450 4327 588 4399 poterant
609 4340 685 4402 quae
708 4341 724 4382 a
746 4341 772 4383 v.
795 4321 864 4383 inde
886 4319 948 4384 341
972 4324 1144 4400 interrogat

206 4421 286 4483 llaec
303 4429 402 4484 autem
420 4425 519 4485 omnia
536 4431 568 4486 ut
583 4423 671 4485 claris
688 4431 717 4484 et
733 4424 830 4505 plenis
841 4424 940 4486 verbis
957 4425 1182 4486 enuntiarentur
1195 4424 1266 4486 boni
