2956 4906
231 317 291 381 112
675 342 920 387 raonscouuus.

225 514 422 570 nieutatorem
437 510 585 571 Aeneidos
600 517 646 571 ter
668 510 769 573 laudat
792 511 950 573 scholiasta
967 510 1154 584 Veronensis,
1178 511 1214 571 ad
1230 514 1302 573 Aen.
1320 511 1371 572 llll

228 605 287 676 146
327 608 414 672 V95
448 621 477 676 et
508 613 543 674 ad
577 615 726 676 incertum
760 612 828 675 libri
862 614 916 674 Xll
938 615 1016 674 inter
1038 610 1101 675 684
1129 621 1159 675 et
1181 611 1241 675 707
1272 613 1371 676 locum

226 710 264 789 (p.
290 708 359 782 107,
381 709 444 790 22).
489 715 526 775 Et
548 716 646 793 primo
669 716 787 796 quidem
803 735 858 776 cur
873 717 904 777 iu
918 715 1063 796 Apollinis
1078 715 1170 777 choro
1187 714 1250 776 Deli
1266 716 1372 777 Cretes
1470 755 1477 768 ·

225 830 291 874 esse
314 814 452 876 dicantur
475 816 675 879 ‘Phalarcbo'
700 816 755 886 vel,
779 824 812 878 ut
826 817 861 879 H.
879 817 991 878 lleilius
1013 837 1078 879 cum
1095 817 1160 880 aliis
1175 816 1372 898 probabiliter

225 918 342 986 statuit,
372 916 537 998 Phylarcho
565 929 688 981 auctore
717 922 878 988 enarratum
914 919 1025 990 altero,
1059 918 1111 982 ubi
1139 926 1309 1000 serpentem
1334 937 1372 980 ex

225 1017 319 1098 adytis
334 1017 370 1079 ad
385 1020 531 1082 Anchisae
553 1020 698 1084 tumulum
721 1029 966 1102 prorumpentem
989 1025 1168 1100 ‘geniumne
1190 1021 1248 1082 loci
1266 1021 1371 1096 somu-

225 1124 325 1182 lumne
346 1126 489 1198 parentis
511 1141 576 1184 esse
600 1128 702 1204 putet’
730 1124 845 1186 dubitat
865 1124 996 1192 Aeneas.
1026 1124 1212 1205 Pythagorae
1239 1122 1396 1190 tabulam,

226 1223 274 1296 (cl.
295 1223 425 1302 Servius)
449 1227 578 1305 repetiit,
602 1244 659 1306 qua
682 1227 718 1288 de
741 1225 880 1288 medullis
902 1227 1072 1296 homiuum,
1103 1224 1290 1305 sepultorum
1313 1227 1371 1285 sci·

226 1324 309 1395 licet,
346 1344 458 1404 angues
492 1331 588 1390 creari
619 1328 808 1409 putabantur.
863 1328 984 1390 Accedit
1012 1328 1090 1409 quod
1119 1330 1149 1388 in
1179 1325 1371 1405 disceptanda

168 1469 178 1486 .
226 1428 315 1488 unius
343 1428 743 1512 versiculi(Aen.111484)
771 1432 919 1511 scriptura
948 1431 1017 1512 quid
1045 1429 1094 1492 ille
1122 1430 1228 1508 legerit
1250 1429 1373 1489 Servius

227 1537 344 1590 narrat:
369 1533 450 1591 ·‘nec
472 1532 551 1592 cedit
572 1534 682 1594 honori
704 1578 759 1593 ...
783 1533 913 1595 Scaurus
939 1551 1011 1595 vero
1038 1535 1154 1595 honore
1181 1530 1253 1608 legit
1275 1539 1305 1590 et
1325 1531 1371 1589 in·

226 1631 353 1710 tellegit:
377 1632 491 1694 bonore
514 1652 573 1694 nou
597 1634 675 1695 cedit
691 1633 821 1696 llcleuo'
846 1654 872 1696 e.
895 1654 924 1715 q.
947 1653 971 1694 s.
1016 1637 1111 1714 Atque
1133 1632 1279 1712 praebent
1301 1649 1371 1692 eau-

227 1733 294 1794 dem
328 1731 502 1806 lectionem,
538 1753 613 1813 quac
637 1736 708 1798 Silio
742 1754 859 1817 quoque
881 1736 1048 1816 placuerat,
1084 1755 1120 1796 ex
1148 1735 1259 1795 nostris
1287 1731 1373 1794 libris

227 1837 330 1912 Pylo,
366 1834 489 1898 alteram
520 1839 668 1918 GMptbc.
722 1838 858 1902 Bucolica
888 1838 1014 1899 eundem
1045 1843 1273 1899 commentatum
1305 1851 1382 1895 esse-

227 1954 263 1996 ex
293 1935 414 1998 scholiis
440 1938 586 2002 bernaus.
616 1941 653 2002 ad
684 1940 738 2002 ecl.
763 1937 890 2001 v11165
921 1941 1033 2010 allicio,
1068 1939 1117 2001 ubi
1148 1938 1222 1999 haec
1255 1942 1371 2012 extant:

227 2041 393 2100 ‘verbenas
414 2058 508 2119 genus
532 2042 642 2104 herbae
665 2044 847 2104 castissimae
871 2041 915 2103 vel
939 2061 973 2116 ex
1003 2041 1068 2103 loco
1099 2048 1202 2102 sancto
1225 2046 1372 2118 sumptae,

226 2149 258 2202 ut
275 2142 429 2204 Terentius
444 2153 473 2205 et
488 2143 612 2206 Iunilius
627 2144 756 2206 dicunt'.
789 2145 962 2206 Terentium
980 2146 1057 2205 enim
1074 2143 1218 2205 Scaurum
1235 2148 1373 2202 nostrum

226 2243 376 2322 intellego,
400 2247 484 2306 cuius
506 2249 562 2308 etsi
584 2265 692 2308 nomeu
716 2257 817 2308 tacens
833 2246 952 2308 Servius
973 2247 1251 2326 interpretationem
1274 2252 1372 2304 tamm

225 2348 322 2424 tetigit
343 2347 404 2409 his:
429 2347 496 2408 ‘alii
518 2348 662 2410 verbenas
683 2347 806 2427 virgulta
830 2348 967 2427 religioni
988 2351 1084 2427 apts'.

312 2448 497 2526 Quamquam
520 2448 643 2511 dubium
666 2469 724 2512 non
755 2456 814 2520 est,
845 2453 917 2529 quin
946 2449 1010 2510 allis
1038 2467 1156 2529 quoque
1183 2450 1214 2508 in
1243 2447 1372 2526 scriptis,

229 2550 354 2610 maxime
377 2552 407 2610 in
431 2553 651 2612 commentariis
673 2554 703 2613 in
726 2561 820 2613 artem
849 2555 996 2632 poeticam
1021 2561 1158 2612 necnon
1179 2551 1208 2610 iu
1233 2551 1275 2609 eis
1297 2565 1373 2627 quac

228 2651 284 2710 ‘de
307 2651 443 2712 Caesellii
477 2651 650 2714 erroribus'
684 2655 851 2734 composuit
885 2652 1006 2732 (Gellius
1026 2652 1065 2714 Xl
1090 2649 1139 2729 15)
1175 2660 1204 2713 et
1231 2653 1260 2711 in
1290 2653 1374 2711 ‘arte

229 2755 441 2831 grammatica'
465 2753 593 2816 Scaurus
608 2754 729 2835 Vergilii
747 2754 889 2835 exemplis
911 2774 983 2816 usus
1007 2773 1082 2834 quac
1098 2757 1128 2815 in
1144 2755 1210 2832 ipso
1224 2750 1374 2814 Aeneidos

230 2857 442 2917 commentario
458 2865 659 2937 proposuerat
674 2857 728 2929 rel,
752 2857 802 2918 ubi
818 2876 868 2918 res
883 2856 1007 2926 terebat,
1032 2854 1213 2936 suppleverit
1227 2852 1373 2931 ampliore

229 2959 428 3039 disputatione
451 2958 496 3019 vel
519 2957 615 3020 obiter
638 2961 777 3038 tetigerit.
827 2959 911 3021 Unde
934 2958 1041 3018 lactum
1066 2967 1157 3019 utne
1181 2956 1374 3036 eorumqui-

231 3063 309 3130 dem.
334 3079 410 3139 quae
427 3061 579 3123 Charisius
595 3069 624 3123 et
638 3062 796 3124 Diomedes
812 3081 848 3123 ex
870 3060 927 3122 illis
949 3062 979 3121 in
1002 3067 1097 3122 artem
1120 3060 1266 3139 poeticam
1289 3056 1374 3118 libris

231 3165 406 3234 attulerunt,
431 3163 536 3225 umbra
558 3166 589 3225 in
605 3166 700 3226 Servii
722 3163 842 3226 scholiis
857 3181 981 3243 prorsus
997 3161 1194 3240 evanuerint).
1224 3161 1257 3220 ln
1273 3159 1373 3220 ortho-

296 3385 322 3450 11)
343 3386 485 3454 Charisius
505 3387 554 3436 188
576 3388 687 3452 ‘priores
705 3402 754 3452 pro
776 3384 925 3449 inprimis.
967 3385 1059 3434 Maro:
1083 3382 1183 3432 Troiae
1207 3381 1254 3446 qui
1271 3381 1375 3446 primus

232 3473 266 3524 ab
285 3473 348 3532 oris,
368 3471 416 3521 ubi
435 3471 467 3533 Q.
487 3471 635 3521 Terentius
654 3470 773 3522 Scaurus
792 3469 975 3519 commentariis
992 3469 1019 3517 ia
1036 3475 1117 3517 ortem
1132 3468 1259 3533 poeticam
1270 3465 1334 3515 libro
1349 3465 1375 3514 X

230 3572 285 3608 non
308 3557 355 3622 qui
378 3561 442 3606 ante
466 3571 559 3606 omnes
581 3557 685 3621 iuquit,
713 3554 845 3606 sedante
865 3569 944 3617 quem
963 3568 1042 3603 nemo
1062 3558 1118 3614 est,
1143 3557 1172 3601 et
1190 3549 1279 3600 addit:
1303 3555 1374 3614 ‘quo

231 3657 332 3708 genere
354 3641 448 3706 plures
470 3640 550 3704 primi
574 3641 665 3705 accipi
691 3644 830 3705 possuut'.
876 3638 989 3690 Servius
1006 3640 1076 3690 Aen.
1095 3637 1140 3688 11
1168 3633 1293 3702 ‘[pm'mus
1320 3650 1375 3684 uon

232 3730 397 3791 antequem
416 3740 507 3784 nemo,
533 3724 580 3774 sed
603 3729 666 3790 post
688 3740 766 3790 quem
791 3724 896 3787 nullus,
920 3723 964 3774 vel
987 3725 1033 3775 hic
1055 3725 1159 3790 primus
1181 3721 1311 3786 princeps
1329 3719 1375 3770 vel

231 3807 360 3884 optimus]
369 3815 385 3860 ’.
414 3809 518 3859 Eadem
531 3809 590 3859 fere
603 3815 714 3875 postea:
734 3809 862 3874 (‘primus
876 3825 941 3875 crgo
960 3825 1014 3861 nou
1034 3814 1098 3860 ante
1117 3822 1196 3874 quem
1214 3822 1306 3870 nemo,
1326 3805 1374 3856 sed

233 3901 295 3962 post
320 3910 399 3960 quem
417 3893 509 3944 nullus
527 3899 558 3944 ut
576 3911 619 3961 ge.
640 3896 652 3945 1
677 3897 707 3944 12
727 3894 779 3948 ecl.
797 3895 811 3944 I
829 3896 871 3946 46.
907 3895 951 3946 vel
975 3893 1118 3946 laudative
1138 3894 1240 3959 primus
1258 3897 1289 3941 ut
1307 3892 1375 3946 Aen.

233 3983 268 4032 VI
286 3979 373 4046 811³).
408 3981 531 4044 Apparet
548 3980 591 4030 bis
611 3980 706 4030 Scauri
725 3981 937 4046 explicationem
956 3973 1083 4032 refutari.

300 4065 447 4118 Diomedes
466 4065 515 4115 439
538 4065 712 4129 ‘hypozeuxis
730 4070 773 4115 est
795 4080 856 4114 cum
880 4063 1007 4130 singulae
1025 4077 1070 4114 res
1088 4066 1136 4114 aut
1152 4062 1278 4126 personis
1299 4060 1375 4112 subi·

234 4153 343 4202 ciuntur
366 4154 414 4200 aut
437 4149 543 4208 verbis,
571 4149 892 4200 ossen.x1la-tst.
928 4148 1097 4213 hypozeuxis
1124 4151 1179 4204 est,
1207 4148 1238 4194 ut
1256 4144 1376 4196 Scaurus

233 4237 283 4300 ait,
302 4239 389 4302 figura
407 4235 542 4301 superiori
561 4235 632 4298 (scil.
658 4233 806 4299 zeugmati)
830 4233 986 4296 contraria,
1009 4231 1057 4282 ubi
1079 4229 1190 4281 diversa
1210 4229 1298 4280 verba
1320 4231 1375 4280 siu·

232 4324 305 4390 gulis
323 4324 490 4384 iunguntur’.
526 4321 623 4372 Scauri
641 4319 807 4370 mentionem
826 4318 928 4367 omittit
945 4315 1088 4367 Charisius
1105 4316 1163 4369 250.

301 4404 449 4459 Diomedes
466 4408 516 4456 444
536 4407 705 4470 ‘monologio
720 4431 747 4439 -
763 4402 884 4454 Scaurus
903 4403 943 4454 ita
961 4399 1065 4457 definit,
1083 4397 1167 4466 longa
1185 4399 1374 4464 descriptione
