3038 4912
561 361 804 405 naoaaooxaaan.
1194 336 1253 399 113

106 533 139 591 01
161 532 302 611 proponit
326 547 419 609 eaque
443 531 522 591 circa
544 527 698 591 historiam
721 530 795 599 lere,
819 537 849 589 ct
871 527 949 608 quod
971 526 1113 608 pleraque
1136 524 1172 587 ab
1195 525 1253 586 Ho-

107 651 195 694 mero
218 635 408 713 sumpsisset,
438 631 490 692 sed
513 629 569 692 hoo
591 633 690 712 ipsum
713 633 827 692 crimen
849 633 892 691 sic
914 610 1075 691 dalenderc
1105 636 1256 690 assuetum

108 736 166 795 ait:
192 755 245 796 cur
268 755 328 797 non
354 734 397 796 illi
420 752 539 814 quoque
562 733 665 795 eadem
681 735 759 794 lurta
775 733 974 813 temptarent?
997 751 1100 794 verum
1122 730 1257 792 intellec·

108 847 195 898 turos
219 836 334 898 facilius
364 855 430 897 0000
452 834 574 922 Herculi
600 835 712 898 claram
742 853 829 915 quam
852 833 982 895 Homero
1010 853 1129 895 versum
1158 832 1255 895 subri-

110 939 250 1018 per·e’*).
295 939 381 1000 Certe
404 938 478 999 haec
500 936 608 1015 legisse
631 956 755 997 neccsse
778 944 823 997 001
844 934 1042 1007 Macrobium,
1067 936 1145 1017 apud
1168 954 1256 1014 quern

112 1043 172 1101 Sat.
197 1041 220 1100 V
242 1038 273 1110 3,
299 1038 338 1101 16
361 1041 471 1120 ‘perge
494 1057 612 1118 quaeso,
637 1041 733 1117 inquit
754 1041 891 1109 Avienus,
916 1041 1015 1099 onrnia
1037 1055 1112 1116 quae
1127 1039 1257 1099 Homero

111 1142 259 1204 subtraxit
280 1143 468 1220 investigare.
520 1141 589 1218 quid
617 1143 696 1202 enirn
725 1142 844 1202 suarius
872 1159 961 1217 quarn
985 1141 1059 1201 duos
1081 1143 1263 1221 praecipuos·

115 1253 196 1305 rates
218 1244 322 1305 audire
343 1229 423 1305 idern
446 1243 620 1322 loquentes?
649 1246 731 1323 aquia,
763 1262 830 1305 curn
859 1245 914 1304 tria
942 1243 1016 1304 haec
1039 1262 1074 1303 ex
1097 1262 1191 1323 aequo
1214 1245 1258 1303 in·

113 1345 265 1426 possibilia
288 1351 440 1424 putantur,
465 1344 509 1405 vel
525 1343 585 1404 lovi
601 1343 712 1405 lulmen
736 1344 781 1405 rel
796 1343 916 1406 Herculi
939 1345 1049 1405 claram
1072 1344 1117 1404 rel
1141 1362 1259 1405 versum

114 1448 244 1509 llonrcro
267 1447 459 1516 subtrahere,
494 1447 572 1527 quod
606 1449 660 1508 etsi
688 1449 752 1508 ficri
774 1455 876 1527 posset
905 1446 997 1508 alium'
1016 1455 1116 1508 tamen
1146 1445 1260 1508 nullunr

116 1549 236 1611 1000101
259 1549 304 1610 rel
327 1548 438 1610 lulmen
459 1557 581 1628 praeter
603 1549 700 1610 lovem
724 1551 822 1610 iacere
844 1548 890 1609 rel
914 1561 1028 1610 certare
1049 1547 1259 1630 [0001011101-

118 1651 214 1713 oulom
239 1650 348 1713 robore
373 1650 418 1711 rol
439 1667 547 1712 canere
569 1652 648 1731 quod
671 1652 780 1714 cecinit
801 1651 966 1721 Homerus,
989 1651 1038 1711 hic
1061 1661 1208 1731 oportune
1231 1652 1261 1711 in

116 1773 191 1834 opus
215 1773 302 1816 suum
326 1771 403 1831 quae
425 1756 509 1833 prior
531 1763 611 1814 vates
634 1752 750 1815 dixerat
771 1752 978 1813 transferendo
994 1755 1065 1814 lecit
1081 1762 1113 1814 ut
1128 1773 1181 1815 sua
1197 1771 1262 1813 0000

117 1857 306 1918 credantur)
350 1856 408 1916 S‘ed
432 1858 609 1917 temerarius
632 1858 671 1916 sit
693 1857 744 1935 qui
767 1857 832 1934 ipso
847 1857 965 1917 Asconii
988 1854 1065 1916 libro
1080 1855 1262 1916 Macrobium

117 1979 203 2019 usunr
227 1977 291 2020 esse
314 1958 371 2018 boc
395 1957 459 2017 solo
482 1957 549 2018 loco
578 1959 754 2018 conlirmaro
781 1957 861 2018 uelit.
912 1957 1021 2019 Verum
1053 1959 1185 2018 extitisse
1213 1976 1262 2016 co·
1290 1939 1291 1948 ¹

118 2064 234 2142 piosaur
258 2059 434 2139 doctamque
462 2059 498 2120 de
521 2059 642 2138 Vergilii
664 2058 835 2120 auctoribus
858 2057 1099 2139 disputationem,
1124 2078 1181 2138 qua
1204 2077 1262 2119 non

118 2161 297 2242 culpandum
319 2171 352 2222 ut
373 2162 487 2231 iuram,
517 2161 569 2222 sed
593 2163 717 2222 summis
744 2159 882 2222 laudibus
908 2160 1139 2241 praedicandum
1162 2162 1262 2239 Vergi-

116 2265 190 2325 lium
219 2264 398 2334 docebatur,
428 2263 507 2343 quod
531 2263 662 2324 Graecae
689 2265 761 2324 artis
790 2271 819 2324 et
847 2251 1010 2324 doctrinae
1028 2265 1128 2342 copias
1146 2261 1264 2334 ¹Latium

118 2366 515 2436 transtulerit‘Latinorum
544 2375 642 2427 autem
665 2374 822 2428 auctorum
849 2371 981 2426 veterum
1015 2383 1052 2425 ex
1074 2365 1266 2445 sterquiliniis

123 2469 280 2530 collectum
303 2487 408 2529 aurum
430 2471 600 2539 servaverit,
625 2469 772 2547 talemque
788 2470 1067 2530 commentationem
1082 2467 1265 2530 llacrobium

123 2571 338 2652 compilavisse,
362 2569 392 2630 id
416 2571 535 2651 quidem
557 2591 613 2652 pro
636 2581 718 2633 certo
740 2569 846 2632 babeo.

206 2673 265 2734 Sed
283 2673 367 2734 idem
398 2675 495 2753 capite
523 2675 641 2751 integro
666 2671 705 2735 13
727 2659 843 2735 11111111
871 2673 1073 2754 exemplorum
1103 2673 1267 2736 multitudi-

121 2793 189 2836 nam
218 2777 390 2856 proposuit,
426 2775 535 2853 quibus
565 2775 727 2837 Homerum
756 2795 816 2837 non
846 2775 1004 2836 adsecutus
1034 2795 1100 2836 0000
1122 2775 1268 2854 Vergilius

121 2879 282 2948 rideretur,
307 2880 378 2938 item
401 2895 466 2956 cap.
493 2874 532 2938 15
555 2877 736 2938 auxiliorum
760 2879 1013 2939 enumerationem
1039 2874 1174 2958 (v11641
1192 2877 1267 2958 sqq.)

120 2999 190 3065 pum
213 2980 336 3042 Homeri
359 2979 494 3057 catalogo
520 2990 722 3060 comparatam
746 2989 776 3040 et
798 2981 901 3042 ordine
923 2979 1072 3060 probabili
1094 2980 1266 3058 011111300-

122 3084 180 3143 tiae
209 3082 295 3144 laude
324 3090 354 3143 et
382 3083 478 3142 nativo
508 3083 622 3163 antiqui
649 3091 754 3162 poetae
783 3089 935 3143 venustate
963 3101 1066 3143 carere
1089 3081 1183 3152 docet,
1214 3099 1269 3143 nec

122 3186 229 3245 inscite
251 3187 282 3245 in
309 3203 373 3265 cap.
392 3182 430 3245 11
454 3187 584 3266 exponit,
608 3203 696 3265 quam
719 3205 752 3246 00
774 3185 882 3246 misere
906 3185 1026 3244 torserit
1041 3183 1196 3263 Vergilius,
1219 3183 1270 3245 ubi

122 3305 224 3348 rerum
247 3289 426 3348 necessitate
450 3287 486 3349 ab
510 3287 689 3349 Homericae
711 3269 892 3349 narrationis
921 3286 969 3347 lrlo
991 3285 1136 3347 recedere
1158 3305 1270 3368 suoque

123 3391 188 3470 ipse
209 3390 329 3468 ingenio
352 3399 474 3452 coactus
497 3393 535 3452 sit
563 3409 596 3460 se
626 3392 822 3451 committere.
874 3389 976 3460 Qualia
1004 3388 1123 3470 quidenr
1152 3388 1190 3449 ab
1217 3389 1269 3449 ob·

124 3491 334 3553 tractatoribus
357 3491 460 3553 sedulo
485 3492 608 3554 collecta
631 3501 661 3554 01
681 3491 828 3554 iHustrata
850 3493 942 3553 luisse
965 3500 1198 3553 consentaneum
1215 3501 1269 3553 est.

125 3593 183 3654 Sed
206 3593 293 3655 huius
315 3595 478 3657 industriae
501 3596 579 3677 apud
603 3595 740 3656 Servium
763 3595 903 3673 reliquias
927 3596 1049 3676 repperi
1072 3595 1177 3657 nubas.
1297 3580 1299 3586 ’

194 3782 223 3848 *)
243 3784 321 3846 Quae
339 3789 472 3836 secuntur
491 3788 536 3835 ‘ot
554 3787 651 3834 tamen
670 3781 828 3833 destinasse
846 3783 991 3848 recedere,
1014 3789 1045 3833 ut
1066 3785 1159 3834 omnia
1177 3782 1212 3834 ad
1229 3799 1273 3834 sa·

125 3869 253 3919 rietatem
280 3869 478 3920 malevolorum
508 3869 664 3920 decideret’
692 3869 752 3918 0110
780 3867 923 3918 emendas:
953 3867 1124 3920 ‘destinasso
1151 3871 1273 3920 secedere

127 3951 181 4017 (ao.
199 3955 228 4004 in
247 3954 395 4006 Graeciam
414 3960 443 4004 01
460 3955 571 4005 Asiam:
596 3955 634 4004 cl.
653 3971 680 4019 p.
699 3955 741 4020 62,
763 3953 804 4016 15)
823 3959 853 4003 ut
871 3954 982 4005 omnia.
997 3993 1023 4006 ..
1040 3953 1180 4004 recideret'
1200 3956 1273 4005 aire:

127 4039 299 4090 ‘destinasse
318 4045 349 4089 ut
367 4041 459 4092 omnia
474 4078 480 4091 .
494 4078 522 4094 ι.
540 4041 707 4106 100110101’,
731 4047 824 4091 tamen
847 4054 926 4090 nomo
946 4039 1041 4089 credet
1063 4055 1161 4090 revera
1178 4041 1274 4105 Vergi-

128 4123 194 4173 lium
214 4127 321 4191 cepisse
341 4127 486 4176 oonsilium
506 4124 616 4176 delendi
635 4128 664 4176 in
683 4125 847 4192 expolienda
864 4123 986 4176 Aeneide
999 4125 1163 4175 Homericos
1179 4141 1276 4176 versus

127 4225 231 4274 ornnes,
250 4217 281 4260 ut
298 4214 442 4262 materiam
462 4209 636 4264 obtrectandi
655 4211 824 4264 adversariis
842 4198 970 4278 eriperet.

184 4537 320 4585 urbanos,
341 4539 499 4578 PHOLEGOH.
