2956 4906
538 341 783 384 uuoneoonrmls.
1169 318 1231 382 201

174 509 388 580 Quintilianum
419 517 517 570 tamen
545 527 615 569 cave
645 509 759 578 credes,
789 508 970 587 ubicumque
1000 509 1088 572 verba
1110 509 1234 588 Vergilii

86 611 221 680 inseruit,
246 629 364 671 uranum
389 619 493 690 poetae
516 611 656 690 religiose
679 611 815 671 reddere.
863 613 956 673 Verae
979 631 1050 673 3333
1067 614 1233 692 scripturae

87 714 228 774 turbatur
251 712 305 773 ecl.
330 713 342 772 l
367 709 406 772 12
434 715 517 775 133113
546 720 591 775 331
619 715 855 793 antiquissimus,
891 732 947 792 pro
982 731 1037 791 qua
1071 713 1141 774 libri
1170 716 1234 774 lere

89 833 193 874 omnes
215 816 374 876 turbamur
394 823 584 894 1333331331,
615 833 794 895 quiunquam
818 815 862 876 vel
886 817 987 894 quinto
1017 814 1134 876 saeculo
1159 815 1234 877 Con·

87 919 199 976 sentius
232 915 269 976 de
302 916 486 998 impersonali
503 920 660 982 ¹inritatur
690 919 853 998 praecepit.
914 917 1000 994 Legit
1040 917 1118 977 idem
1153 914 1233 995 quod

89 1036 150 1077 nou
184 1019 282 1078 miuus
311 1021 341 1079 iu
371 1019 592 1098 exemplaribus
622 1019 823 1080 oblitteratum
852 1027 897 1080 est
930 1020 1048 1079 addunt
1075 1021 1106 1078 in
1134 1020 1235 1094 spatia

87 1137 134 1197 ge.
151 1117 250 1180 1513.
290 1120 349 1181 Sed
371 1128 522 1200 tamquam
538 1140 598 1183 nou
614 1123 712 1182 minus
728 1128 839 1182 certam
863 1128 891 1181 et
913 1119 1109 1180 indubitatam
1134 1117 1235 1180 laudat

90 1221 252 1299 ‘figuram’
289 1222 363 1283 11333
397 1226 469 1299 ‘qui
493 1242 553 1284 333
581 1225 676 1284 113313
701 1225 841 1298 parenti'
873 1242 897 1282 e.
922 1241 950 1301 q.
975 1242 998 1282 3.
1028 1222 1082 1283 331.
1105 1216 1233 1290 111162,

90 1340 158 1382 3313
181 1326 289 1384 33313
311 1324 464 1386 codicibus
487 1324 590 1386 cadem
613 1325 746 1403 legamus
777 1341 851 1402 quae
875 1325 996 1386 Servius
1023 1325 1236 1402 iuterpretatur

91 1428 161 1486 ‘cui
185 1443 255 1486 333.
274 1427 370 1486 113313
395 1431 572 1502 parentes’:
607 1426 678 1488 illud
709 1428 760 1506 qui
785 1419 909 1505 'scripsit
939 1444 997 1486 333
1031 1425 1145 1486 videtur
1173 1423 1236 1494 ovi

49 1542 51 1545 ·
91 1525 185 1587 dativi,
201 1527 327 1588 sormam
350 1527 540 1589 intellexisse.
592 1529 801 1599 Coniecturae,
831 1545 906 1606 quae
934 1530 963 1588 in
987 1529 1121 1606 Pyabam
1149 1526 1235 1595 redit,

87 1628 162 1704 sapi
182 1645 237 1706 313
254 1630 351 1706 sagos
373 1632 402 1690 13
425 1628 573 1692 laudando
598 1630 651 1691 ecl.
675 1627 749 1690 txe
772 1630 912 1698 credidit;
938 1638 1056 1690 etcum
1080 1628 1237 1688 deteriori·

92 1729 148 1792 bus
182 1732 284 1800 etiam,
323 1731 479 1810 bigotiano
507 1744 536 1794 31
558 1732 694 1794 Gotbeuo
735 1734 839 1802 tertio,
874 1734 974 1812 posuit
1005 1735 1077 1793 deu.
1108 1729 1147 1791 Xl
1173 1725 1238 1790 406

91 1835 187 1894 133131
207 1850 271 1911 pro,
283 1836 383 1910 fingit.
491 1893 492 1898 ,

160 1934 334 2013 ,Praeterea
364 1935 408 1997 rel
435 1937 611 1998 memoriter
639 1935 751 2015 3131313
786 1935 832 1996 131
860 1954 897 1996 ex
925 1934 1104 2014 interpolato
1135 1931 1238 1994 codice

92 2034 196 2098 hausto
220 2036 308 2098 haec:
607 2097 609 2100 ,
695 2089 699 2095 .

112 2177 116 2185 «
181 2197 192 2202 ,,
294 2145 443 2216 agrestem
465 2158 521 2218 pro
542 2143 704 2202 silvestrem
738 2136 870 2200 33112

295 2243 379 2302 sedet
399 2259 454 2320 pro
476 2249 575 2318 stupet
611 2246 682 2303 Aen.
706 2239 815 2303 11307

292 2347 483 2421 praeripiam
505 2362 559 2422 pro
576 2346 759 2420 praedicam
796 2345 867 2403 deu.
892 2338 1014 2403 111436

297 2448 383 2507 caela
405 2465 461 2526 pro
477 2449 590 2523 pelago
626 2445 744 2506 1331
766 2441 829 2505 212

296 2549 400 2609 caedis
423 2567 477 2628 313
498 2551 610 2623 strapis
646 2550 717 2609 den.
743 2542 876 2608 111384.

180 2649 241 2730 Nee
264 2650 314 2728 qui
337 2657 404 2710 3313
422 2649 634 2721 Quintilianum
651 2648 747 2711 obiter
769 2650 816 2710 usi
838 2655 907 2710 suut
930 2647 1111 2708 carminibus
1133 2655 1240 2727 333133

95 2741 355 2819 333111111113311111
378 2758 469 2812 testes
491 2750 629 2813 habendi.

182 2853 346 2913 Columella
379 2853 428 2914 ubi
459 2873 493 2913 31
522 2854 671 2932 georgicis
698 2851 787 2915 rerba
817 2853 879 2912 suis
907 2851 1243 2931 3133333113131313331

96 2972 184 3032 quam
208 2954 368 3033 neglegens
390 2956 536 3032 genuinae
560 2954 722 3014 memoriae
745 2955 783 3013 sit
805 2955 877 3014 33113
892 2952 1098 3013 demonstrant
1113 2937 1189 3031 quoe
1204 2951 1240 3012 ad

96 3055 149 3117 llll
171 3052 213 3117 89
235 3073 299 3134 sqq.
324 3056 468 3117 adnotari.
515 3055 557 3116 Cl.
581 3064 735 3135 praeterea
760 3051 861 3115 1195
891 3051 950 3115 197
978 3053 1031 3114 llll
1048 3050 1098 3114 70.
1129 3053 1241 3114 Mutato

97 3166 130 3220 ut
152 3156 238 3219 libuit
260 3159 364 3219 ordine
388 3157 620 3218 accommodavit
642 3157 768 3216 orationi
791 3155 915 3216 lrustuie
937 3163 1043 3234 poetae
1066 3153 1162 3233 qualia
1177 3156 1241 3214 lere

98 3262 255 3320 13133313
283 3258 464 3328 haerebant,
501 3278 560 3320 uon
590 3259 748 3338 descripsit
776 3265 914 3319 accurate
947 3255 1025 3317 bono
1053 3274 1094 3316 ex
1129 3254 1240 3316 codice.

97 3361 219 3424 Accedit
242 3361 320 3439 quod
343 3369 502 3424 ostentus
525 3361 643 3439 quidem
667 3359 845 3421 Columellas
876 3377 909 3418 33
933 3375 989 3435 qua
1011 3376 1087 3437 opus
1109 3366 1155 3418 331
1177 3355 1248 3417 dili·'

97 3465 196 3543 gentio
218 3462 315 3524 adhuc
337 3471 544 3544 pertractatus·
557 3470 610 3524 est.

183 3567 327 3627 Senecam
355 3564 507 3626 rhetorem
535 3560 756 3626 1133111288
791 3567 834 3625 aul
866 3566 1015 3626 aduersae
1046 3581 1101 3642 pro
1135 3562 1243 3622 nostris

98 3670 183 3746 apud
205 3669 302 3730 durae
324 3665 432 3745 legisse
448 3667 548 3728 rideri
565 3685 600 3728 ex
617 3665 728 3728 codicis
744 3665 912 3746 corruptela
928 3665 1055 3726 coniecit
1070 3665 1241 3724 1131313333.

99 3769 184 3842 Quod
207 3769 235 3831 31
252 3767 302 3830 1113
325 3771 356 3830 13
379 3767 542 3848 exemplari
564 3786 619 3829 suo
641 3769 783 3847 repperit,
807 3775 888 3829 certe
908 3765 1085 3846 interpolato
1102 3784 1174 3826 usus
1190 3774 1242 3825 331.

163 3870 265 3932 luter
286 3870 345 3941 illa.
369 3891 444 3951 quae
466 3868 662 3950 philosophus
677 3871 791 3931 Seneca
813 3877 952 3948 31333131,
976 3867 1130 3948 probabile
1151 3869 1244 3929 visum

100 3975 234 4035 estillic·
251 3991 296 4051 ge.
321 3974 333 4034 l
355 3970 415 4036 251
440 3975 517 4047 (illic
539 3971 652 4050 codd).
690 3971 751 4032 Nee
766 3973 904 4054 ,33331131
926 3991 961 4031 33
983 3978 1105 4032 3311313
1128 3971 1158 4030 13
1180 3977 1244 4030 terr.-

101 4083 162 4136 tum
185 4076 335 4154 recepisse
357 4071 635 4151 3331331196,
660 4073 740 4153 qnod
762 4093 777 4136 3
802 4092 870 4156 1313
892 4075 1008 4137 1311333
1031 4071 1246 4133 aberraverunt

101 4179 154 4257 qui
174 4179 272 4256 n'uper
301 4173 751 4254 (1311331313331.333.1863
779 4185 809 4255 3.
833 4173 884 4239 69.
921 4171 1002 4236 1865
1024 4191 1052 4252 3.
1076 4170 1139 4236 304
1166 4191 1243 4233 mus.
1361 4201 1363 4206 ·

100 4277 195 4340 Rbeu.
220 4278 287 4340 xlx
308 4275 381 4358 633)
411 4281 583 4342 3331331313
611 4280 720 4340 lectum
749 4285 917 4340 statuerunt
938 4296 990 4371 er
1010 4295 1050 4338 eo,
1071 4275 1157 4353 quod·
1176 4279 1245 4353 post

102 4381 334 4459 comparativum
357 4399 470 4461 ponere
492 4379 623 4460 proclive
647 4389 710 4442 3131
723 4398 827 4463 ,33313
845 4378 899 4458 (131
923 4378 1021 4457 Qvi).
1046 4385 1079 4438 31
1100 4385 1128 4436 31
1150 4377 1245 4437 333111
