3038 4912
570 361 813 404 enouanonrnun.
1202 337 1260 404 147

203 525 414 589 Difficillimum
438 530 559 589 omnino
582 529 697 599 dicere,
727 547 785 608 quo
813 530 844 588 in
876 530 987 609 scripto
1010 529 1100 592 Probi
1130 533 1261 612 exposita

119 630 230 691 luerint
251 629 366 708 singula
389 647 523 710 quaeque
547 643 704 711 praecepta
725 635 945 708 prommotleo,
975 649 1051 709 quae
1074 651 1141 693 erim
1165 633 1261 694 Latini

118 733 265 793 sermonis
287 751 422 793 normam
447 741 476 794 ct
499 733 745 794 consuetudinem
762 735 930 796 universam
947 741 1092 814 spectent,
1118 735 1262 816 exemplis

75 907 76 910 Ἴ
119 839 218 894 tamen
240 842 359 914 praeter
381 834 437 896 alia
460 834 635 913 Vergilianis
662 853 783 917 quoque
810 836 1006 898 illustrantur.
1058 837 1132 898 Nam
1161 845 1191 898 et
1218 836 1262 898 di-

118 952 252 1013 gressum
274 939 384 998 scimus
407 955 422 996 a
445 928 643 998 difficiliorum
666 947 772 1017 poetae
801 937 934 1000 locorum
957 940 1203 1019 interpretatione
1226 938 1262 1000 ad

118 1041 305 1117 quaestiones
327 1039 494 1101 uberrimas
517 1046 547 1100 et
575 1039 774 1118 singularibus
802 1040 1112 1112 commentationibus,
1136 1060 1262 1132 quarum

120 1139 247 1201 ‘multos
269 1140 428 1202 admodum
450 1140 562 1202 libros’
584 1161 616 1203 se
638 1142 835 1220 adquisivisse
848 1142 961 1204 Gellius
975 1142 1026 1204 XV
1041 1140 1083 1205 30
1097 1145 1259 1224 praedicat,
1379 1151 1381 1154 '

119 1242 250 1320 silvaque
274 1242 512 1305 observationum
536 1243 662 1323 plurima
685 1244 722 1305 de
745 1245 866 1306 Latinae
888 1244 1004 1324 linguae
1034 1264 1105 1312 usu,
1119 1247 1262 1326 copiosis·
1289 1325 1292 1336 Ι

119 1346 193 1408 sime
208 1344 397 1407 disseruisse.
442 1344 529 1406 Velut
550 1344 605 1406 ‘de
621 1345 712 1408 dubio
728 1348 880 1426 perlecto’
897 1355 1036 1418 tractans,
1061 1367 1119 1429 quo
1136 1368 1170 1409 ex
1186 1347 1263 1410 libro

120 1455 149 1506 et
172 1446 299 1508 Gellium
322 1448 360 1508 Vl
385 1431 459 1530 '‘(Vll)
488 1445 508 1509 9
535 1467 587 1509 sua
617 1449 781 1510 formarum
809 1452 931 1530 poposci
957 1467 1110 1530 pepugero
1140 1449 1263 1512 aliarum

119 1549 254 1628 exerupla
283 1549 420 1612 hausisse
449 1551 640 1612 consentiunt
667 1549 847 1612 blercldinus
882 1561 911 1613 et
938 1551 1200 1623 Kretzschmerus,
1235 1559 1264 1611 et

120 1649 293 1712 Diomedem
315 1651 560 1733 Priscianumque
582 1651 709 1732 plurima
733 1655 918 1734 excerpsisse
934 1655 968 1715 ll.
982 1653 1094 1716 lleilius
1116 1656 1147 1715 in
1169 1656 1263 1734 prael.

119 1752 155 1813 ad
171 1753 265 1814 biom.
290 1772 318 1833 p.
336 1753 386 1814 Lll
409 1756 520 1823 statuit,
544 1756 631 1816 etiam
654 1753 691 1815 de
713 1754 797 1816 verbi
818 1759 867 1816 oio
888 1755 1026 1835 prosodia
1043 1755 1192 1826 disseruit,
1217 1758 1265 1817 cui

120 1854 339 1916 consumendae
372 1875 407 1916 ex
438 1857 510 1918 hen.
547 1857 558 1916 l
590 1853 650 1917 142
683 1857 862 1920 versiculum
896 1857 1030 1932 adhibuit
1065 1858 1166 1940 (Prisc.
1202 1855 1265 1920 906

119 1957 156 2017 oi.
181 1953 244 2018 815
266 1958 298 2019 Ρ.
323 1957 436 2020 Catbol.
467 1977 497 2038 p.
521 1955 572 2026 35,
595 1955 638 2020 30
659 1959 694 2020 ll.
719 1957 961 2040 DiomedesssVO
983 1960 1014 2021 P.
1036 1959 1148 2022 lleilius
1170 1962 1264 2041 prael.

118 2058 175 2118 vol.
200 2059 254 2120 llll
271 2079 299 2138 p.
316 2059 407 2121 XXVI
420 2058 546 2141 symbol.
559 2057 621 2137 97).
652 2061 780 2140 Scripsit
796 2061 875 2123 idem
895 2061 950 2122 ‘de
971 2060 1069 2123 dubiis
1086 2061 1263 2141 generibus’

119 2163 158 2220 ita
180 2169 213 2221 ut
234 2161 447 2242 deponentium
472 2181 547 2243 quae
576 2181 631 2223 nos
658 2163 783 2223 dicimus
811 2163 971 2225 verborum
1000 2182 1086 2225 usum
1119 2167 1265 2243 exquisita

121 2262 254 2324 doctrina
276 2263 449 2326 illustraret.
493 2263 659 2325 Admodum
683 2267 775 2342 igitur
798 2264 962 2345 probabile,
993 2282 1069 2343 quae
1092 2265 1170 2347 apud
1194 2266 1262 2327 Ser·

121 2366 198 2425 vium
222 2365 258 2425 ad
280 2367 352 2428 Aen.
375 2365 389 2425 l
412 2361 532 2427 194010
550 2369 673 2444 portior
701 2365 793 2428 verbo
822 2365 978 2428 traduntur
1009 2386 1043 2428 ex
1067 2367 1124 2429 hoc
1144 2370 1263 2447 potissi-

120 2485 200 2528 mum
229 2468 312 2528 sonte
340 2467 470 2530 llurisse.
523 2469 596 2530 Nam
625 2476 654 2529 et
682 2470 713 2530 in
743 2445 960 2549 Catholiols'p.
985 2465 1026 2530 36
1049 2469 1080 2530 P.
1106 2469 1264 2548 (01.1101111

119 2569 212 2648 prael.
237 2588 266 2649 p.
290 2569 367 2631 XlX.
391 2570 483 2632 XXVI
505 2567 667 2650 01001097)
692 2570 748 2632 hoo
771 2573 869 2651 ipsum
894 2571 976 2633 verbi
999 2572 1146 2651 ‘partior’
1171 2575 1263 2634 activa

119 2672 333 2749 significatione
345 2673 480 2753 usurpati
493 2671 662 2752 exemplum
673 2673 816 2744 adfertur,
830 2693 884 2734 uec
897 2672 1091 2755 inprobabilis
1106 2673 1264 2736 llretzseh-

120 2775 196 2835 meri
218 2794 247 2854 p.
271 2769 312 2834 89
335 2776 521 2844 coniectura,
545 2774 631 2835 Gellii
653 2774 744 2838 XVlll
769 2772 807 2836 12
831 2783 860 2836 et
882 2775 1027 2837 Prisciani
1048 2774 1112 2835 Vlll
1134 2771 1177 2837 25
1198 2795 1263 2856 sqq.

120 2882 149 2934 et
171 2875 258 2936 Nonii
281 2875 318 2936 de
342 2871 537 2955 verbisque
560 2876 699 2938 dicuntur
722 2876 941 2957 deponentibus
964 2877 1066 2938 titulos
1089 2883 1134 2938 sat
1155 2876 1265 2940 multos

122 2977 161 3056 (et
183 2977 286 3056 quidni
307 2984 400 3039 totum
424 2987 512 3059 eaput
541 2981 698 3058 septimum
707 2980 728 3058 1)
759 2998 794 3040 er
817 2977 925 3041 Valerii
948 2978 1038 3042 Probi
1068 2978 1185 3042 horreis
1214 2981 1264 3040 de-

120 3088 237 3160 sumpta
262 3098 338 3140 esse.
394 3083 435 3141 llo
467 3082 492 3142 si
519 3089 601 3142 recte
629 3081 708 3142 idem
732 3083 777 3142 vir
799 3080 904 3142 doetus
926 3100 954 3161 p.
979 3078 1020 3142 86
1043 3081 1130 3144 Gellii
1151 3081 1201 3141 XV
1226 3079 1265 3142 13

120 3184 199 3259 (item
229 3189 262 3243 ut
286 3181 435 3242 Diomedis
463 3201 492 3262 p.
516 3178 581 3243 400
608 3202 651 3263 sq.
681 3181 716 3244 ll.
746 3191 776 3242 et
802 3183 946 3244 Prisciani
974 3182 1036 3244 Vlll
1065 3179 1198 3264 15-26)
1228 3183 1265 3244 de

124 3283 222 3345 verbis
245 3283 452 3346 communibus
475 3283 509 3345 ad
534 3284 664 3345 Probum
687 3284 814 3354 rettulit,
844 3286 890 3345 vix
918 3284 1113 3346 dubitandum
1142 3269 1212 3366 quin
1235 3288 1264 3346 in

122 3386 179 3447 hoe
201 3388 267 3466 ipso
290 3385 366 3446 libro
389 3387 488 3463 potius
511 3403 599 3464 quam
623 3387 654 3446 in
677 3389 890 3450 commentario
913 3385 1081 3465 Vergiliano
1110 3406 1175 3449 eam
1204 3407 1265 3449 ma·

79 3561 80 3566 ¹
119 3489 223 3549 teriam
247 3486 424 3558 exhauserit,
449 3489 506 3549 etsi
527 3489 654 3551 fortasse
677 3507 715 3550 ne
730 3489 791 3550 illic
807 3489 926 3566 quidem
942 3488 1031 3549 verba
1053 3492 1179 3566 dipnote
1192 3494 1264 3552 lleu.

123 3589 162 3650 lll
183 3585 247 3650 460
270 3597 300 3650 et
321 3597 466 3651 venerota
492 3586 556 3652 475
584 3589 701 3652 silentio
728 3593 939 3671 praetermisit.
990 3590 1072 3652 ldem
1102 3593 1198 3654 sentio
1226 3592 1264 3652 de

120 3693 276 3771 participio
304 3709 412 3769 passus
433 3693 505 3753 Aen.
535 3689 633 3754 1480
662 3690 837 3768 01111263
865 3693 965 3764 obvio,
1000 3695 1036 3755 de
1065 3714 1123 3774 quo
1152 3697 1177 3755 si
1206 3702 1265 3755 tarn

121 3796 242 3874 copiosa
270 3793 469 3872 disputatione
498 3795 558 3872 egit
588 3793 707 3872 qualem
736 3814 772 3856 ex
800 3795 895 3856 Gellio
922 3795 973 3857 XV
1003 3792 1042 3858 15
1065 3796 1207 3857 Diomede
1235 3815 1262 3875 p.

119 3892 191 3965 377,
216 3891 256 3955 21
279 3895 315 3956 Κ.
339 3895 492 3956 Prisciauo
507 3893 588 3958 1127
611 3896 707 3957 Nonio
724 3915 752 3975 p.
769 3894 841 3967 370,
858 3894 878 3959 8
894 3905 924 3970 01
949 3895 1021 3966 310,
1048 3895 1091 3959 20
1105 3897 1264 3961 llretzsch·

119 4015 221 4058 merus
231 4016 261 4076 p.
275 3993 317 4058 86
331 4015 375 4075 sq.
402 3997 459 4076 (oui
471 3997 638 4059 adsentitur
650 3999 789 4060 Hertzius
801 3998 818 4058 l.
833 4000 911 4060 inlra
924 3999 942 4060 l.
954 4017 983 4077 p.
1003 3996 1075 4078 188)
1088 3999 1265 4080 compilavit,

121 4108 201 4161 certe
224 4100 255 4159 iu
279 4101 471 4178 grammatico
494 4099 594 4178 aliquo
610 4103 834 4171 commentario,
860 4121 919 4163 non
936 4101 986 4163 ubi
1007 4103 1177 4183 interpretis
1199 4121 1264 4163 mu-

121 4219 194 4262 nere
216 4199 404 4279 lungehatur,
430 4203 526 4280 egisse
546 4202 695 4282 potandus
718 4210 763 4264 est
787 4202 833 4282 (cl.
851 4204 971 4266 Servius
994 4203 1029 4266 ad
1052 4207 1124 4265 llen.
1148 4199 1265 4282 1480).

120 4303 215 4363 Porro
237 4302 293 4363 ‘de
308 4303 517 4384 inaequalitate
533 4305 773 4366 consuetudinis’
790 4305 942 4368 disserens
959 4305 1081 4385 (Charis.
1099 4323 1127 4383 p.
1146 4302 1207 4366 189
1222 4305 1265 4384 Ρ.)

120 4403 223 4484 quidni
246 4404 283 4465 de
305 4407 422 4467 Allecto
444 4413 618 4486 monoptoto
642 4407 723 4486 (hen.
746 4404 876 4469 111324
895 4407 1008 4470 Charis.
1033 4427 1061 4488 p.
1084 4404 1126 4468 94
1141 4407 1173 4470 Ρ.
1198 4406 1265 4469 0011.

995 4507 1060 4570 10*-
