2956 4906
232 305 292 371 198
677 325 921 367 recensuimus.

274 513 321 573 ge.
347 495 396 555 llll
418 491 482 554 443
511 494 676 571 ‘pellacia’
701 493 744 572 (ut
767 494 828 553 M?
849 495 904 553 b2:
926 492 962 551 cl.
986 489 1208 570 l‘hilargyrius),
1231 491 1382 551 ‘astutia’

507 647 547 720 (in
572 652 671 706 textu:
699 591 844 724 hhltocr‘o)

289 784 301 796 ·
360 783 372 795 ·
414 745 477 809 447
506 747 573 808 ‘alil
595 748 773 824 quicqoom’
797 749 840 826 (ut
857 749 930 822 MR)
953 747 1090 826 ‘legunt'
1115 746 1227 825 (eadem
1244 745 1382 820 Servius)

289 885 300 898 ·
360 884 371 896 -
414 847 477 910 473
506 852 559 910 ‘in
576 846 708 923 solir's’
734 849 776 927 (ut
798 849 889 930 libri),
914 849 981 909 ‘alii
1005 849 1106 926 legunt
1128 852 1160 910 in
1180 850 1300 924 fluviis'

290 967 301 997 ²
360 985 372 996 ·
416 947 480 1013 540
506 953 669 1012 ‘intortos'
694 951 736 1027 (ιιι
757 953 864 1026 Rl'?),
889 951 1084 1012 ‘indomitas'

290 1089 301 1099 -
360 1087 371 1099 -
414 1049 477 1114 548
505 1055 664 1128 ‘capessit'
688 1052 730 1133 (ut
753 1055 798 1130 M)
823 1103 830 1118 .
855 1100 862 1114 .
886 1099 893 1114 .
918 1052 978 1113 ‘alii
1002 1053 1104 1130 legunt
1121 1053 1311 1127 facessit’
1336 1051 1382 1126 (nt

502 1157 622 1230 FRW)

291 1291 303 1304 ·
364 1291 374 1302 ·
418 1254 482 1318 565
509 1260 613 1332 ‘cuod
639 1255 688 1318 alii
710 1256 812 1336 legunt
834 1260 982 1319 arrdue’
1007 1257 1060 1334 (sic
1082 1255 1173 1334 libri).

757 1543 781 1623 g
803 1542 854 1604 23.

327 1751 510 1810 Veronensio
531 1750 646 1809 scholio
668 1750 771 1829 quanti
793 1749 829 1809 ad
852 1750 984 1810 criticam
1008 1747 1244 1828 Vergilianorum
1273 1749 1383 1808 carmi-

236 1867 308 1912 num
331 1851 496 1918 historiam,
520 1849 557 1910 ad
573 1857 840 1912 commentatorum
857 1852 1017 1930 praecipue
1038 1853 1228 1930 antiquorum
1250 1847 1384 1911 indolem

235 1937 470 2032 cognoscendam
495 1953 637 2013 momenti
662 1953 736 2021 sint,
768 1953 840 2013 satis
869 1971 905 2013 ex
929 1955 971 2012 eis
994 1967 1070 2030 (puae
1092 1971 1181 2031 supra
1205 1950 1385 2029 collegimus

235 2054 340 2118 elucet.
387 2053 446 2115 Sed
469 2056 622 2131 quantavis
645 2055 805 2115 auctoritas
828 2072 931 2114 eorum
954 2053 1000 2124 sit,
1016 2053 1074 2115 ubi
1097 2056 1188 2114 certis
1211 2051 1385 2114 auctoribus

236 2158 403 2236 scripturae
426 2157 630 2235 proteruntur,
655 2164 754 2218 umen
777 2154 827 2216 ubi
850 2155 886 2216 ad
909 2155 1052 2217 firmanda
1075 2166 1234 2236 praecepta
1258 2153 1302 2214 vel
1318 2156 1384 2234 opi·

234 2261 341 2321 niones
369 2256 503 2337 exempla
537 2257 715 2326 laudantur,
748 2257 784 2319 de
808 2255 933 2335 singulis
962 2256 1121 2326 vocabulis,
1152 2274 1227 2335 quae
1257 2275 1316 2318 non
1347 2255 1383 2316 ad

235 2363 331 2440 ipsam
354 2378 418 2422 rem
441 2359 600 2440 pertinent,
624 2365 710 2420 caute
732 2358 922 2420 iudicandum
945 2360 1011 2420 erit.
1058 2357 1143 2420 Velut
1163 2362 1235 2421 Aen.
1259 2355 1385 2419 111403

236 2480 304 2522 cum
327 2464 421 2541 Asper
443 2458 616 2540 probavisse
639 2459 789 2530 videatur,
819 2467 853 2520 ut
880 2461 1069 2540 supradixi,
1099 2463 1263 2538 suspiciens
1290 2462 1384 2520 oltom

236 2567 339 2625 lunam
361 2570 390 2622 et
411 2561 600 2623 distinctione
622 2560 670 2622 hic
693 2561 813 2624 demum
837 2565 947 2642 posita,
971 2565 1098 2624 firmam
1120 2562 1197 2624 hanc
1219 2560 1390 2642 particulae¹

237 2663 419 2744 copulativae
442 2663 666 2725 collocationem
690 2662 825 2725 versibus
847 2663 964 2726 duobus
979 2666 1050 2726 Aen.
1076 2663 1101 2726 ll
1121 2661 1184 2726 369
1207 2659 1383 2732 41111254,
1475 2719 1477 2734 ,

237 2769 266 2827 in
290 2765 398 2846 quihus
420 2767 623 2828 necessarium
645 2766 764 2846 quidem
794 2772 854 2836 est,
888 2773 922 2826 ut
954 2768 1096 2845 scriptum
1126 2774 1171 2828 est
1199 2768 1230 2827 in
1258 2764 1383 2835 scholio,

232 2885 393 2947 pavorque
415 2877 616 2946 occuperque
638 2868 746 2946 legisse
768 2869 1004 2947 grammaticum,
1028 2868 1080 2928 sed
1095 2868 1263 2942 infundens
1283 2875 1383 2947 postc-

239 2973 320 3031 riore
350 2970 433 3041 loco,
452 2980 500 3032 ut
527 2970 737 3050 interpolatum
773 2976 818 3032 est
845 2971 874 3031 in
896 2970 1029 3032 llledioeo
1059 2979 1089 3032 et
1109 2969 1257 3050 'suppletis
1280 2967 1385 3030 scholii

241 3072 356 3134 lacunis
378 3074 505 3153 positum
529 3072 567 3135 ab
581 3072 616 3133 H.
634 3071 739 3142 Keilio,
764 3081 865 3134 utrum
887 3072 981 3152 Asper
1003 3090 1039 3133 an
1063 3075 1114 3152 qui
1137 3073 1383 3133 commentarium

240 3176 305 3238 eius
327 3177 476 3256 excerpsit
498 3193 536 3237 an
559 3175 687 3255 denique
709 3173 849 3235 librarius
870 3172 1005 3234 intulerit
1018 3176 1184 3236 nescimus.

325 3311 386 3373 Nec
415 3318 504 3387 auget
530 3309 655 3372 Medicei
682 3311 887 3372 auctoritatem
922 3309 999 3386 quod
1033 3309 1068 3370 ad
1091 3311 1163 3372 Aen.
1188 3308 1242 3369 ll
1276 3311 1306 3369 in
1339 3307 1385 3382 his

243 3413 419 3473 commentis
448 3430 484 3472 ex
506 3415 579 3473 Aen.
603 3410 652 3471 Vll
674 3408 737 3472 444
766 3409 922 3472 exhibetur
947 3419 1074 3487 perant,
1110 3420 1141 3473 ut
1172 3413 1203 3472 in
1237 3410 1287 3470 illo
1322 3409 1385 3471 solo

242 3521 397 3592 praeterea
421 3519 509 3583 extat,
533 3531 601 3574 cum
624 3513 783 3590 genuinam
807 3521 975 3575 ceterorum
999 3515 1176 3594 scripturam
1197 3519 1305 3589 ocrem
1327 3511 1384 3572 llo·

240 3615 324 3677 meri*
339 3613 507 3693 exemplum
531 3621 656 3675 tueatur.

326 3749 402 3811 ltem
425 3767 470 3829 ge.
496 3750 509 3811 l
531 3746 573 3811 38
596 3741 729 3829 quamvis
750 3751 781 3810 in
797 3752 884 3830 Aspri
905 3751 942 3812 ad
957 3755 1029 3814 Aen.
1053 3751 1091 3812 lX
1113 3747 1175 3814 363
1198 3751 1386 3813 adnotatione

243 3855 286 3914 sic
314 3851 450 3913 laudetur
479 3853 629 3930 ‘quamvis
657 3851 764 3914 Elisios
791 3855 917 3916 miretur
946 3855 1069 3916 Graecia
1096 3855 1257 3929 sott(us)’,
1287 3860 1385 3915 umen

244 3960 371 4016 testatur
392 3953 443 4014 ille
465 3962 580 4016 tantum
603 3953 639 4015 de
657 3957 786 4017 Graecia
808 3956 958 4026 schemate
981 3963 1132 4036 usurpata,
1155 3959 1250 4018 sottus
1271 3974 1327 4035 pro
1351 3973 1386 4015 eo

247 4055 327 4133 quod
349 4055 469 4118 codices
492 4064 594 4132 tenent
614 4074 738 4135 compos
759 4057 806 4118 vel
828 4059 891 4137 ipse
907 4060 1050 4121 memoria
1065 4057 1156 4120 salsus
1171 4056 1216 4118 vel
1231 4059 1283 4138 qui
1298 4057 1385 4118 verba

244 4159 309 4220 eius
330 4158 491 4238 descripsit
516 4158 703 4238 neglegentia
730 4157 927 4237 interpolasse
955 4158 1112 4222 videbitur.
1163 4159 1235 4220 Nam
1264 4177 1388 4240 prorsus

173 4283 174 4290 ¹
244 4267 277 4321 ut
298 4259 386 4322 libult
407 4259 555 4340 supplerit
576 4259 732 4322 scholiasta
755 4261 856 4321 nescio
886 4261 951 4339 quis
981 4261 1016 4322 ad
1038 4262 1111 4324 Aen.
1133 4260 1146 4320 l
1171 4258 1187 4321 1
1212 4263 1386 4323 sententiam

245 4379 313 4424 cum
336 4362 463 4424 canendi
486 4362 608 4425 verbum
641 4379 697 4440 pro
726 4361 910 4423 vaticinando
939 4364 1076 4444 usurpari
1102 4361 1246 4444 probaret
1265 4366 1338 4427 Aen.
1362 4361 1388 4424 ll
