3038 4912
265 333 325 396 116
711 343 956 388 enonuoounnn.

263 527 331 584 arira
354 540 379 581 v.
404 515 466 581 887
490 516 680 584 concesserit,
705 513 818 593 reliqua
840 514 1014 574 inferiorum
1038 509 1102 570 loca
1126 509 1240 570 umbris
1262 508 1409 570 contineri

262 644 286 685 v.
312 620 385 684 404.
409 617 482 682 452.
507 615 579 679 461.
597 615 669 681 490,
685 613 748 678 534
770 615 916 684 statuerit,
941 611 1018 693 apud
1042 629 1168 692 superos
1190 619 1293 673 contra
1319 609 1410 672 ‘caeli

263 724 426 787 iucundum
449 723 549 784 lumen
566 729 594 780 et
610 723 713 781 auras’
738 736 763 779 v.
780 714 843 778 363
865 724 894 776 et
916 719 1022 776 ‘aures
1043 714 1207 776 aetherias'
1231 711 1290 775 761
1308 713 1409 775 lucere

263 829 408 890 statuerit.
454 826 491 886 Et
512 823 591 903 qnod
615 823 706 882 turris
728 820 764 881 ad
787 837 873 882 arrras
896 827 975 880 stare
997 817 1105 880 dicitur
1127 837 1153 878 r.
1174 814 1239 879 554
1253 817 1355 878 nescio
1370 835 1407 876 an

262 928 426 1010 hyperbole
451 945 521 988 usus
544 927 582 986 sit
604 932 700 1003 poeta,
726 931 758 983 ut
780 919 965 982 altitudinem
993 922 1076 998 quasi
1100 917 1252 1000 usquead
1281 937 1407 998 superos
1502 959 1506 968 „

263 1031 451 1092 contenderet:
477 1028 529 1090 sed
553 1027 676 1088 eandem
699 1025 823 1102 liguram
847 1025 945 1084 statim
967 1024 1044 1084 inira
1066 1024 1095 1082 in
1112 1021 1259 1100 clangoris
1276 1023 1300 1080 ri
1318 1038 1405 1098 exag-

261 1109 388 1210 gcrando
412 1133 522 1192 iterum
544 1131 656 1190 inierre
679 1126 808 1187 taedium
832 1124 977 1186 movebat.
1147 1129 1150 1134 ⁴

343 1233 478 1296 Ridicula
494 1233 568 1294 adeo
584 1229 747 1293 subtilitate
762 1229 841 1289 idern
859 1227 961 1296 l'ollio,
986 1233 1019 1288 ut
1033 1226 1111 1306 apud
1127 1227 1263 1286 Serrium
1279 1225 1316 1286 erl
1331 1228 1404 1287 hen.

170 1327 174 1336 ’
258 1337 295 1397 lll
312 1334 371 1398 183
383 1335 501 1414 legitur,
515 1334 588 1396 haec
600 1333 780 1394 observavit:
793 1329 916 1408 ‘ubique
925 1328 1079 1408 Virgilium
1091 1329 1121 1388 iu
1135 1327 1194 1388 diei
1206 1330 1407 1408 descriptione

258 1434 427 1500 sermonem
446 1437 575 1515 aliquem
593 1453 705 1515 ponere
721 1443 822 1513 aptum
846 1430 1056 1512 praesentibus
1080 1430 1181 1500 rebus,
1204 1439 1236 1491 nt
1252 1431 1308 1491 hoc
1325 1431 1406 1491 loco:

258 1542 325 1617 quia
343 1541 483 1602 tuncrum
503 1547 532 1599 et
547 1536 767 1617 sepulturarum
783 1554 832 1596 res
847 1535 954 1612 agitur,
977 1533 1047 1594 dicit
1062 1537 1218 1594 extulerat
1233 1535 1359 1595 -item
1376 1533 1405 1594 in

257 1650 362 1722 quarto
386 1637 478 1720 (585),
503 1641 569 1720 quia
593 1647 637 1700 est
660 1639 852 1716 caligaturos
874 1639 988 1698 Aeneas
1011 1642 1040 1696 et
1063 1634 1224 1696 relicturus
1247 1634 1403 1703 Didonem,

255 1743 340 1805 dicit:
370 1743 490 1804 Tithoni
506 1757 646 1804 croceum
661 1739 680 1802 l.
698 1759 724 1802 a.
742 1759 766 1800 c.
792 1737 956 1818 quodlicet
978 1738 1163 1818 superlluum
1185 1740 1233 1806 sit,
1255 1734 1405 1797 inmollis

257 1854 357 1907 tamen
381 1845 454 1907 locis
475 1846 659 1907 invenitor!
703 1841 850 1904 Nimirum
873 1842 1043 1902 ‘extruunt
1056 1841 1171 1902 Aurora
1195 1839 1309 1902 lucem'
1332 1839 1406 1901 Ver·

255 1945 359 2025 gilium
382 1949 550 2027 scripsisse,
575 1954 608 2008 ut
630 1943 849 2006 offerendorum
867 1952 1052 2005 mortuorum
1076 1960 1236 2022 corporum
1260 1951 1404 2010 moneret,

257 2041 443 2126 linquentem
466 2047 587 2110 Tithoni
614 2046 711 2108 cubile
732 2050 877 2108 Auroram
906 2046 1047 2124 componi
1074 2047 1251 2123 cogitatione
1278 2042 1405 2106 voluisse

260 2170 328 2212 cum
359 2151 548 2230 relinquente
577 2150 699 2211 bidonis
727 2149 897 2227 coniugium
925 2147 1038 2209 Aenea!
1088 2147 1228 2208 Eiusdem
1260 2147 1410 2206 acuminis

252 2260 306 2321 est,
332 2252 414 2330 quod
440 2271 621 2332 quamquam
644 2269 705 2312 non
728 2250 875 2330 appellato
898 2248 1030 2310 Pollione
1052 2247 1090 2309 ad
1111 2250 1183 2310 hen.
1207 2247 1245 2308 lll
1267 2245 1331 2308 459
1353 2247 1404 2308 ad·

252 2363 387 2415 notatur:
411 2355 460 2416 ‘et
482 2353 559 2416 bene
582 2353 792 2433 descripturus
814 2351 921 2414 caedes
945 2359 971 2412 et
994 2349 1215 2412 hellamorose
1237 2348 1313 2411 diem
1330 2350 1402 2409 oriri

251 2457 355 2526 iacit',
387 2459 455 2533 quia
483 2456 600 2518 scilicet
626 2456 676 2516 hic
704 2475 821 2536 quoque
849 2455 962 2516 morosi
990 2455 1070 2514 senis
1097 2451 1236 2512 ‘Tithoni
1263 2469 1403 2512 croceum

250 2557 388 2637 linquens
411 2560 525 2620 horona
549 2557 665 2618 cubile’
691 2559 819 2636 ponitur.

337 2659 417 2720 llaec
440 2661 529 2737 igitur
560 2667 631 2720 sont
659 2676 735 2737 quae
758 2659 794 2720 ad
817 2656 980 2737 Vergilium
1010 2657 1269 2733 commentandum
1292 2656 1401 2718 Pollio·

255 2779 323 2822 nem
349 2760 510 2822 contulisse
533 2762 637 2824 Servio
659 2771 780 2823 auctore
809 2763 994 2840 accepimus,
1029 2763 1079 2838 qul
1108 2759 1242 2822 secundo
1272 2758 1337 2820 loco
1370 2760 1400 2819 in

256 2862 397 2924 omnibus
420 2871 563 2943 quantum
586 2865 696 2924 scimus
718 2861 813 2932 libris,
837 2866 933 2942 primo
956 2871 1037 2924 certe
1058 2864 1090 2923 in
1107 2861 1277 2924 Cassellano
1299 2859 1400 2922 codice

249 2964 431 3045 simpliciter
460 2967 556 3026 Pollio
583 2963 763 3044 appellatum
799 2967 887 3026 tertio
916 2964 994 3043 quod
1022 2967 1144 3026 Asiuim
1172 2972 1247 3024 teste
1275 2962 1399 3023 Thilone

249 3069 338 3128 etium
368 3069 399 3127 in
422 3067 584 3145 Reginensi
614 3075 643 3127 et
665 3067 799 3128 Parisino
830 3067 962 3128 additum
994 3075 1053 3136 est,
1083 3066 1221 3128 facilitate
1250 3043 1308 3126 tam
1337 3065 1398 3125 noti

249 3170 379 3229 nominis
408 3168 608 3249 interpolandi
639 3168 840 3231 excusandum
870 3171 935 3230 erit.
986 3169 1059 3230 Nam
1088 3167 1193 3248 procul
1221 3166 1259 3228 ab
1286 3168 1396 3237 Asinio,

226 3270 363 3349 aequali
384 3279 492 3351 poetae
515 3272 625 3342 nostri,
656 3280 821 3332 commenta
850 3269 898 3332 illa
928 3271 1031 3351 utique
1061 3269 1198 3332 habenda
1220 3269 1398 3348 Bergkiique

251 3374 450 3434 coniecturam
474 3373 636 3434 admodum
665 3371 851 3452 probabilem
881 3391 946 3435 esse
974 3373 1047 3434 mihi
1074 3390 1194 3450 quoque
1221 3389 1398 3452 persuasum

245 3481 299 3531 est.
352 3473 427 3534 Nam
457 3476 513 3535 etsi
541 3476 689 3535 incertum
721 3483 767 3534 est
794 3493 864 3536 num
900 3475 978 3555 apud
1006 3474 1113 3537 lulium
1140 3474 1338 3554 Capitolinum
1366 3475 1396 3533 in

245 3575 302 3634 rita
324 3576 464 3636 Antonini
493 3573 664 3656 philosophi
688 3595 713 3637 c.
744 3573 765 3635 2
794 3579 873 3637 inter
895 3579 1120 3655 grammaticos,
1152 3593 1281 3654 ¹quorum
1304 3577 1395 3637 disci-

243 3675 324 3756 plina
340 3679 504 3756 imperator
519 3697 591 3741 usus
607 3680 655 3748 sit,
668 3677 811 3740 Pollionis
827 3697 936 3740 nomen
949 3689 1033 3741 recte
1046 3678 1162 3757 legatur
1175 3681 1254 3758 (cum
1265 3681 1295 3739 in
1311 3676 1396 3739 libris

243 3777 460 3857 Bambcrgensi
488 3789 517 3841 ct
533 3780 668 3843 Palatino
691 3788 832 3866 corrupta
854 3783 998 3843 memoria
1013 3781 1053 3842 sit
1074 3784 1160 3842 ‘usus
1175 3787 1183 3840 “.
1200 3827 1207 3840 .
1225 3827 1232 3840 .
1247 3797 1394 3859 gramma·

243 3882 384 3941 licis...
408 3881 522 3942 Latinis
546 3883 655 3944 Trosio
676 3883 758 3963 Apro
781 3893 811 3944 et
829 3887 943 3961 polono
965 3891 995 3944 et
1016 3882 1160 3964 Eutychio
1182 3881 1309 3943 Proculo
1331 3881 1394 3943 Sic·

242 3985 358 4062 censi’),
382 3992 482 4044 tamen
508 4003 523 4043 a
547 3983 584 4045 hl.
607 3984 728 4047 Aurelio
744 3989 869 4048 Caesare
892 3987 922 4047 iu
947 3987 1033 4065 epist.
1058 3985 1094 4048 ad
1109 3985 1291 4046 Frontonem
1314 3983 1393 4044 bisl

243 4082 314 4165 9p.
336 4081 380 4145 42
402 4086 436 4146 N.
461 4095 490 4146 et
520 4085 543 4146 ll
574 4085 594 4146 6
622 4104 652 4166 p.
676 4085 717 4148 63
740 4089 775 4150 N.
799 4087 892 4150 Pollio
925 4086 1045 4167 quidam
1080 4095 1227 4166 tamquam
1262 4087 1393 4167 optimus

240 4185 356 4247 lloratii
378 4189 529 4268 interpres
550 4191 591 4250 ita
615 4190 823 4269 praedicatur,
846 4199 879 4251 ut
900 4191 996 4269 ipsum
1019 4197 1136 4270 poetam
1159 4189 1216 4250 sibi
1238 4207 1307 4250 cum
1330 4207 1391 4250 ma·

238 4291 333 4366 gistro
356 4299 526 4352 emortuum
550 4309 615 4352 esse
638 4291 775 4354 adfirmet
797 4292 949 4361 alumnus;
974 4301 1006 4353 ut
1027 4311 1098 4354 sane
1120 4290 1205 4353 lacile
1230 4290 1392 4370 suspiceris

239 4391 366 4453 cundem
389 4395 614 4470 grammaticum
637 4393 766 4473 Vergilio
799 4413 916 4476 quoque
939 4394 1169 4458 commentando
1192 4411 1314 4473 operam
1338 4390 1390 4451 de·
