3038 4912
559 341 807 384 enoneoonnnx.
1198 317 1259 383 103

110 510 300 590 compilatum
324 528 390 570 esse
413 511 592 572 conicerem.
643 510 730 571 Certe
752 508 789 570 ad
811 527 859 588 ge.
883 508 908 570 ll
930 504 995 569 224
1016 507 1054 569 de
1077 508 1179 571 Clanio
1202 508 1257 571 llu-

109 617 190 676 mine
213 612 374 674 Metrodori
396 613 603 673 auctoritatem
627 613 728 672 ascivit
750 617 968 674 commentator
997 611 1037 690 (p.
1059 606 1111 681 50,
1134 608 1178 673 24
1199 611 1258 690 tl).

111 717 148 777 Et
170 723 298 777 veterem
322 716 419 793 ipsum
442 715 667 794 grammaticum
683 713 783 783 luisse,
807 714 857 794 qui
881 731 919 774 ne
937 732 971 775 eo
986 711 1117 793 quidem,
1142 731 1219 794 quae
1242 733 1258 773 a

113 817 249 898 physices
277 815 433 896 disciplina
461 815 555 877 aliena
585 822 667 886 sunt,
700 814 878 895 neglexerit,
910 814 998 878 docet
1019 816 1192 876 Veronense
1221 814 1257 876 ad

110 923 182 981 hon.
208 915 317 982 11299
339 917 489 987 scholion,
520 923 593 996 quo,
623 918 649 979 si
670 916 791 997 quidem
820 924 902 978 recte
924 916 1091 979 litterarum
1116 917 1258 995 reliquias

112 1020 259 1101 supplevit
286 1019 395 1088 Maius,
423 1019 460 1080 de
487 1017 612 1080 aedibus
640 1005 715 1079 deleo
742 1016 889 1080 Anchisae
917 1038 977 1099 quo
999 1019 1148 1080 Troianae
1176 1019 1258 1080 urhis

111 1122 177 1183 loco
200 1124 326 1184 luissent
348 1120 488 1183 retulisse
512 1119 647 1182 traditur.
690 1120 773 1199 ,Ergo
802 1122 828 1180 si
851 1121 999 1200 antiquior
1022 1122 1079 1182 luit
1099 1120 1199 1182 l'roho
1229 1128 1258 1182 et

110 1225 267 1294 Suetonio,
298 1224 424 1284 tortasse
454 1223 495 1284 illi
525 1225 694 1284 Sextiorum
724 1229 823 1282 sectus
845 1221 972 1300 Augusti
999 1229 1094 1283 aetate
1123 1223 1255 1284 elllores·

111 1327 204 1394 conti,
235 1325 271 1386 de
301 1342 358 1402 qua
388 1325 452 1386 vide
475 1321 709 1386 lleillersehcidii
739 1331 864 1403 quaestt.
889 1325 1032 1386 Suetonn.
1063 1343 1092 1404 p.
1115 1321 1177 1386 407
1201 1344 1256 1405 sq..

112 1429 261 1508 ascriptus
290 1433 354 1487 crat
375 1425 563 1488 Metrodorus
584 1433 697 1486 noster.

196 1579 291 1642 ilarac
314 1581 404 1640 etiam
427 1578 462 1639 atl
485 1581 622 1640 bucolica
645 1577 681 1639 de
705 1578 876 1639 criticorum
907 1577 1012 1640 studiis
1040 1577 1184 1659 reliquiae
1208 1599 1258 1640 ex·

110 1688 175 1745 tent
198 1667 244 1762 lad
267 1681 322 1742 ecl.
346 1677 423 1742 120
455 1680 480 1742 ΙΙ
503 1677 553 1742 23.
578 1676 620 1742 65
653 1680 692 1742 ΙΙΙ
714 1676 765 1753 30.
789 1676 851 1760 38).
907 1680 966 1741 Sed
997 1697 1099 1742 earum
1124 1699 1199 1760 quae
1222 1681 1258 1743 ad

109 1785 246 1846 Aeneide
267 1783 418 1864 pertinent
441 1783 625 1858 notationum
642 1783 776 1863 ‹qxramvis
799 1781 1004 1862 ‘superfluae’
1029 1801 1166 1863 magnam
1189 1803 1257 1863 par·

110 1894 170 1947 tem
193 1892 281 1967 atque
303 1887 423 1965 ineptae
452 1886 513 1946 sint
541 1883 668 1964 aliquam
698 1883 807 1944 multas
837 1883 1018 1962 colligendas
1047 1903 1113 1946 esse
1144 1887 1255 1955 censui,

110 1987 190 2049 unde
223 1995 383 2068 appareret
416 2005 502 2066 quam
542 1984 654 2048 similes
694 1987 723 2046 in
758 1987 929 2047 uuiversum
962 1985 1034 2046 Zoili
1067 1987 1192 2048 Romani
1228 1995 1258 2048 et
1315 1985 1320 2004 '

38 2091 41 2098 '
108 2084 300 2150 ἑνστατικοί
312 2077 494 2151 Greecorum
519 2089 629 2150 luerint
652 2105 800 2166 quamque
823 2087 900 2148 hene
923 2085 1044 2147 illorum
1068 2105 1186 2168 quoque
1210 2107 1256 2148 ra-

110 2194 207 2253 tiones
230 2193 272 2252 cis
296 2208 457 2269 expressae
480 2191 553 2260 sint,
577 2206 654 2267 quae
677 2189 707 2250 C.
731 2187 872 2250 Lelrrsius
896 2207 955 2249 non
979 2188 1113 2267 neglecta
1136 2207 1255 2268 compa·

107 2295 224 2355 ratione
246 2293 387 2353 disseruit
409 2295 440 2354 iu
462 2291 624 2354 Aristarchi
648 2293 694 2354 sui
717 2293 814 2371 capite
836 2289 904 2360 llll,
929 2291 1008 2370 quod
1031 2290 1087 2352 ‘de
1109 2309 1255 2369 gramma·

108 2397 175 2456 licis
198 2379 248 2476 qui
270 2387 457 2455 ἐνστατικοὶ
480 2402 509 2455 et
531 2385 660 2454 lvrtuol
682 2393 753 2454 dicti
775 2395 863 2454 sunt’
886 2391 1069 2454 inscribitur.
1101 2394 1255 2474 Tantoquc

108 2497 206 2558 studio
230 2497 306 2558 lranc
328 2497 515 2576 potissimum
539 2493 757 2556 cornmcntandi
785 2503 901 2574 partem
930 2497 1081 2574 persecuti
1110 2503 1179 2557 sunt
1207 2497 1255 2576 qui

108 2597 221 2659 scholia
245 2605 347 2660 nostra
370 2596 565 2676 collegerunt,
590 2604 622 2658 ut
643 2596 768 2676 singulis
790 2595 864 2658 adeo
879 2595 965 2658 libris
981 2599 1170 2675 quaestiones
1186 2618 1255 2660 suas

79 2781 81 2784 Ι
108 2703 213 2778 cuique
244 2707 479 2781 praeponerent,
514 2708 546 2761 ut
577 2700 608 2760 in
637 2699 732 2762 Guell.
757 2698 769 2759 l
797 2706 865 2778 post
891 2700 964 2761 Aen.
987 2699 1014 2760 ll
1037 2697 1100 2764 804
1128 2699 1252 2780 legitur:
1288 2728 1289 2731 ¹

69 2879 72 2886 .
109 2804 276 2882 ‘incipiunt
305 2804 494 2882 quaestiones
522 2800 591 2861 libri
620 2801 712 2861 tertii:
751 2804 861 2863 incerti
886 2819 944 2877 que
969 2802 1042 2876 solet
1064 2802 1175 2877 serum
1197 2802 1252 2884 (7);

108 2904 255 2981 quomodo
288 2922 359 2983 crgo
388 2921 475 2983 supra
506 2901 616 2964 dietum
646 2910 703 2963 cst:
742 2910 771 2964 et
797 2911 910 2964 terrem
933 2905 1111 2981 Hesperium
1134 2909 1254 2967 uenies?

108 3006 144 3087 (ll
169 3003 241 3087 781)
266 3005 390 3068 solvitur
414 3007 470 3066 sic:
495 3004 643 3084 quomodo
660 3023 720 3066 non
736 3004 809 3066 dixit
823 3006 955 3066 incertos
971 3007 1100 3084 ignaros,
1125 3007 1178 3069 sed
1202 3009 1252 3086 qui

109 3109 269 3177 nescirent,
293 3107 374 3170 ltalia
398 3108 448 3169 uhi
471 3109 579 3168 esset.'

194 3263 293 3342 lpsurn
319 3279 387 3322 vero
402 3261 625 3348 Aeneomastiga
646 3267 853 3339 repraesentat
867 3260 944 3341 apud
959 3261 1141 3323 llocrohium
1156 3263 1254 3324 Euan·

106 3362 206 3442 gelos,
237 3362 440 3425 ‘amarulenta
464 3362 619 3424 dicacitate
643 3368 671 3423 et
693 3361 800 3449 lingue·
817 3371 955 3442 proterve
977 3364 1118 3450 mordaci,
1142 3383 1252 3444 procax

107 3484 141 3526 ac
165 3485 289 3528 securus
312 3466 509 3526 offensorum'
534 3484 559 3526 c.
584 3484 611 3545 q.
636 3483 659 3525 e.
707 3465 777 3544 (Sat.
802 3463 814 3524 l
838 3462 866 3534 t,
882 3461 924 3544 2.)
970 3466 1063 3537 Quem
1087 3475 1185 3528 tamen
1207 3469 1251 3528 in·
1329 3509 1331 3512 -

107 3567 173 3628 vehi
196 3569 227 3628 in
249 3566 413 3646 Vergilium
436 3565 485 3627 ille
509 3569 540 3627 iu
563 3565 631 3626 lihri
654 3566 665 3627 l
690 3586 714 3627 c.
737 3563 780 3627 24
802 3568 904 3646 paucis
928 3574 1040 3629 tantum
1064 3586 1158 3649 eoque
1182 3588 1251 3630 oon·

105 3668 171 3730 silio
200 3671 326 3749 patitur,
364 3677 397 3730 ut
428 3668 465 3729 ad
496 3667 599 3731 laudes
632 3677 800 3730 ceterorum
831 3672 906 3731 viam
940 3671 1064 3732 muniat.
1114 3670 1173 3732 Sed
1208 3689 1251 3752 rep

104 3773 283 3851 paucissima
320 3789 395 3849 equae
431 3769 481 3830 ille
517 3771 715 3831 vociferatur:
755 3772 823 3849 ‘qui
860 3773 938 3832 enim
975 3776 1108 3836 moriens
1145 3791 1250 3854 poento

105 3892 192 3936 suum
215 3873 324 3953 legavit
345 3875 405 3952 igni
428 3871 498 3952 quid
527 3873 585 3934 nisi
615 3873 711 3934 lamae
745 3890 816 3933 suae
849 3875 1015 3952 posteritati
1048 3877 1251 3938 subtrahendo

105 3977 236 4038 curarit?
273 3994 330 4037 nec
350 3977 506 4036 inmerito:
546 3974 665 4036 eruhuit
694 3977 803 4055 quippe
833 3975 870 4036 dc
900 3994 933 4038 se
955 3977 1055 4039 lutura
1077 3979 1202 4050 iudicia,
1226 3987 1251 4045 si

103 4077 255 4156 legeretur
282 4081 390 4155 petitio
419 4081 496 4140 deoc
522 4078 677 4154 preconiis
702 4080 765 4151 filiu
798 4097 887 4142 orma
920 4099 939 4140 a
969 4083 1080 4142 morito
1112 4085 1164 4143 eui
1195 4085 1253 4144 soti

103 4187 250 4257 nupserat
270 4199 326 4242 nee
347 4198 387 4241 ex
409 4197 445 4242 eo
461 4183 581 4258 prolem
603 4183 765 4257 suscepisse
785 4191 972 4258 censuerat,
995 4182 1041 4244 vel
1057 4184 1083 4244 si
1098 4181 1179 4244 mille
1193 4183 1249 4244 alia

105 4281 232 4343 multum
255 4280 394 4360 pudenda
417 4301 469 4344 seo
492 4284 522 4343 in
547 4282 645 4344 verbis
667 4284 756 4345 modo
779 4285 901 4346 Graecis
928 4286 1016 4348 modo
1039 4285 1173 4348 harharls
1196 4304 1249 4346 seu

104 4385 136 4443 in
159 4386 223 4464 ipsa
246 4383 443 4464 dispositione
466 4386 567 4465 operis
589 4385 922 4464 deprehenderentur’,
952 4396 1076 4467 tangunt
1103 4389 1250 4467 quaestio·
