3038 4912
249 319 311 384 104
695 342 936 384 snouseounnA.

247 529 314 572 nem
339 510 394 570 ‘de
415 511 559 589 petitione
582 510 705 571 Veneris
721 510 895 591 'inpudica’,
920 530 1007 590 quam
1031 511 1127 592 lepide
1150 511 1304 594 multoque
1327 534 1389 578 me-

247 612 304 674 lius
331 631 419 693 quam
448 630 464 671 a
494 613 607 692 Donato
634 614 745 675 iactum
775 622 838 675 erat
866 613 986 676 Servius
1013 617 1073 675 sire
1102 617 1167 695 quis
1196 624 1298 677 auctor
1326 619 1390 679 eius

247 716 303 776 luit
324 714 411 776 solvit
432 713 467 775 arl
484 719 555 776 Aen.
580 713 736 777 vul-373.
783 715 819 777 lit
841 716 945 777 eodem
970 737 1005 778 ex
1028 735 1139 795 genere
1162 718 1218 779 alia
1241 726 1311 779 sunt
1333 721 1389 780 ‘in-

246 821 393 897 congrua'
416 819 447 877 in
462 816 601 887 Aeneide,
625 837 701 898 quae
724 816 884 879 offendisse
900 818 1083 880 cavillatores
1105 819 1272 899 quibusque
1294 819 1391 881 modis

247 919 381 1000 alyticis
410 928 587 981 excusentur
614 919 694 980 idem
718 913 884 981 memorat:
919 920 1031 981 scilicet
1064 921 1142 1001 quod
1165 920 1255 983 neoto
1284 924 1391 984 marito

245 1023 320 1084 luno
342 1023 489 1103 promittit
511 1021 670 1102 nympham
685 1024 757 1084 Aen.
782 1021 794 1081 l
817 1009 866 1092 71',
891 1023 969 1103 quod
993 1022 1128 1085 Latinum
1151 1031 1238 1102 poeta
1261 1024 1312 1085 Vll
1328 1021 1392 1086 268

246 1125 363 1186 induxit
385 1124 464 1186 ultro
486 1124 576 1184 filiam
598 1127 717 1186 Aeneae
739 1123 940 1204 pollicentem.
1025 1106 1032 1112 ’

332 1225 422 1288 blulto
445 1233 543 1287 autem
567 1227 733 1306 copiosiora
756 1245 790 1288 ea
813 1233 891 1295 sunt,
915 1243 990 1304 quae
1013 1228 1044 1287 in
1067 1229 1146 1288 tertii
1162 1227 1231 1289 libri
1247 1227 1393 1308 capitibus

250 1325 375 1390 10-12
396 1328 474 1390 idem
498 1327 667 1406 Euangelus
694 1327 839 1409 disputat,
870 1337 902 1390 ut
929 1328 1067 1406 'detegat
1094 1331 1267 1391 inscientiae
1291 1332 1393 1409 Vergi-

248 1429 345 1492 lianae
379 1430 536 1500 vulnera',
573 1427 723 1509 multaque
754 1431 842 1491 etiam
877 1432 1002 1510 periisse
1032 1430 1102 1492 olim
1131 1432 1313 1494 intellectum
1338 1440 1391 1493 est.

249 1534 322 1594 Nam
354 1539 468 1593 tantum
485 1532 537 1592 -de
573 1531 717 1611 pontilicii
750 1533 823 1592 iuris
852 1550 1011 1612 rerumque
1041 1551 1190 1594 sacrarum
1225 1536 1394 1612 ignorantia

251 1634 386 1714 exempla
419 1633 564 1714 quaedam
598 1633 791 1703 exhihentur,
825 1653 901 1714 quae
931 1635 1046 1712 singula
1081 1635 1191 1696 refutat
1223 1635 1394 1697 ‘sacrorum

251 1738 382 1797 omnium
406 1735 560 1817 praesul',
592 1742 624 1795 ut
645 1735 658 1796 l
683 1734 730 1805 17,
757 1735 772 1795 1
797 1735 995 1816 praedicatur,
1019 1738 1133 1799 Vettius
1155 1739 1283 1816 Agorius
1305 1739 1393 1799 Prae·

250 1846 390 1908 testatus,
414 1838 451 1898 de
474 1857 532 1917 quo
555 1838 592 1898 cl.
617 1837 641 1898 0
664 1837 783 1899 lahnius
805 1837 852 1918 (de
874 1838 1158 1919 subscriptionibus,
1188 1841 1218 1899 in
1242 1848 1309 1901 aott.
1334 1859 1393 1900 soc.

251 1941 332 2021 lips.
359 1936 439 2002 1851
462 1959 492 2019 p.
515 1936 577 2002 338
601 1938 688 2020 sqq).
790 1977 794 1984 ·

336 2041 394 2103 Sed
419 2041 475 2102 hae
498 2027 687 2119 quaestiones
716 2063 783 2104 curn
813 2045 843 2103 in
866 2043 1015 2104 Servianis
1044 2060 1164 2123 quoque
1193 2043 1314 2104 scholiis
1337 2043 1396 2104 sol·

252 2151 370 2213 vantur,
401 2163 460 2204 non
482 2142 671 2224 inprobabile
694 2144 810 2206 videtur
839 2164 874 2205 ex
902 2147 995 2225 ipsius
1011 2146 1112 2206 blauri
1135 2146 1229 2208 Servii
1253 2146 1397 2207 Honorati

253 2247 482 2316 commentario,
516 2265 604 2326 quern
633 2239 782 2325 integrum
811 2244 933 2326 legerit,
967 2266 1018 2308 sua
1042 2246 1224 2308 llacrohium
1256 2246 1301 2306 his
1324 2245 1398 2307 locis

252 2350 488 2428 transcripsisse.
543 2348 642 2426 Fingit
673 2351 704 2409 in
739 2347 961 2419 Saturnalibus,
997 2367 1063 2408 cum
1099 2348 1228 2409 Platonis
1262 2347 1398 2429 exemplo

254 2471 347 2514 annos
369 2451 630 2511 sermocinantium
646 2452 676 2510 in
693 2451 802 2530 digitos
817 2452 893 2511 mitti
909 2449 991 2520 nolit,
1016 2450 1235 2511 adulescentem
1251 2451 1397 2521 Servium,

253 2555 406 2620 doctorem
430 2571 536 2613 recens
558 2554 725 2632 prolessum
751 2549 896 2631 (1215),
921 2551 972 2613 sed
996 2551 1117 2612 ‘cotidie
1134 2553 1283 2613 Romanae
1306 2552 1398 2614 indoli

255 2654 440 2719 enarrando’
469 2654 632 2734 Vergilium
661 2655 708 2732 (Vl
731 2651 760 2734 6)
791 2654 896 2715 eximia
927 2655 999 2714 vatis
1027 2653 1225 2715 familiaritate
1253 2655 1399 2716 imbutum

256 2768 285 2821 et
306 2759 422 2838 priscos
450 2758 537 2818 etiam
566 2763 776 2837 praeceptores
805 2756 940 2817 doctrina
969 2765 1159 2836 superantem
1185 2754 1281 2834 (124,
1305 2755 1351 2836 8),
1384 2776 1399 2816 a
1428 2772 1431 2778 ·

255 2881 313 2943 quo
343 2861 471 2938 exigitur
502 2867 533 2919 ut
561 2859 701 2939 quiequid
731 2859 761 2920 in
785 2857 914 2936 Vergilio
943 2857 1105 2920 obscurum
1141 2857 1287 2920 videbitur
1316 2860 1401 2940 quasi

255 2965 453 3025 litteratorum
488 2963 619 3022 omnium
653 2960 741 3039 longe
776 2961 922 3020 maximus
944 2957 1051 3040 'palam
1085 2961 1172 3023 iaciat
1204 2959 1226 3038 (l
1255 2957 1313 3030 24,
1337 2956 1399 3039 20).

256 3067 360 3146 ltaque
389 3065 488 3143 magni
516 3064 625 3124 iecisse
654 3062 836 3123 llacrohium
867 3062 961 3122 Seruii
991 3064 1069 3124 inter
1097 3060 1281 3140 Vergilianus
1309 3064 1423 3138 inter-¹

257 3177 358 3248 pretes
380 3168 585 3228 auctoritatem
608 3173 732 3226 constat.
782 3166 868 3243 htrpri
892 3163 936 3222 vel
958 3165 988 3224 in
1013 3171 1113 3226 nostra
1137 3165 1318 3225 scholiorum
1342 3165 1400 3224 lar-

258 3271 379 3348 ragine,
405 3285 480 3345 quae
504 3275 637 3327 veterum
661 3267 941 3327 commentariorum
964 3264 1088 3327 frustula
1112 3274 1141 3327 et
1164 3265 1285 3328 lacinias
1307 3265 1401 3326 conti·

259 3378 324 3439 net,
360 3388 427 3430 cum
456 3371 487 3430 in
516 3366 665 3429 solvendis
694 3367 921 3446 qpaestionibus
952 3366 1041 3428 multa
1071 3376 1227 3429 versentur
1262 3367 1403 3428 tumbae

258 3473 445 3553 potissimum
478 3473 517 3532 ita
546 3470 687 3538 redeunt,
724 3478 755 3531 ut
785 3472 892 3549 partim
920 3468 1062 3547 Euangeli
1088 3471 1197 3549 partim
1225 3469 1405 3530 Praetextati

160 3615 163 3626 ·
259 3581 434 3654 argumenta
457 3575 487 3634 in
511 3572 629 3634 brevius
651 3573 770 3652 quidem
787 3577 937 3632 contracta
953 3577 1160 3648 agnoscantur,
1185 3579 1287 3632 contra
1304 3570 1403 3632 addita

260 3676 315 3738 alia
331 3661 489 3754 legantur,
518 3693 596 3755 quae
618 3672 786 3735 Macrobius
809 3672 854 3733 vel
878 3673 1013 3734 omiserit
1035 3673 1079 3732 vel
1102 3692 1162 3734 non
1185 3672 1306 3752 legerit,
1336 3690 1404 3732 cum

261 3777 379 3839 aliunde
402 3776 437 3837 ad
462 3784 563 3838 nostra
585 3775 696 3836 scholia
718 3774 899 3854 adglutinata
923 3792 989 3835 esse
1012 3776 1136 3853 possint.

344 3881 386 3941 Ac
408 3880 537 3959 primum
561 3877 640 3956 quod
662 3885 763 3939 taureis
784 3878 845 3938 lori
866 3883 1011 3938 mactatur
1027 3877 1098 3936 Aen.
1116 3872 1221 3950 11121,
1245 3873 1407 3955 respondet

261 3982 474 4052 Praetextatus,
499 3981 643 4041 committi
666 3999 730 4040 rem
754 3978 910 4048 insolitam,
934 3986 967 4038 ut
981 3977 1065 4039 locus
1087 3978 1136 4038 liat
1158 3984 1291 4038 monstro
1314 3995 1340 4037 v.
1364 3973 1407 4036 26

263 4089 418 4146 secuturo:
454 4084 558 4144 eadem
580 4084 724 4144 sententia
748 4081 844 4142 Servii
877 4083 998 4142 ‘contra
1026 4081 1173 4141 rationem
1200 4079 1260 4140 lovi
1289 4086 1407 4140 taurum

263 4187 424 4254 sacrificam
441 4185 515 4246 adeo
531 4192 563 4246 ut
577 4183 647 4245 hinc
662 4191 783 4263 putetur
798 4182 990 4244 subsecutum
1007 4199 1074 4244 esse
1088 4180 1275 4261 prodigium’
1293 4199 1318 4241 e.
1336 4198 1364 4259 q.
1382 4200 1406 4242 s.

264 4286 369 4368 Culpat
392 4287 468 4367 apud
493 4283 675 4347 llacrohium
697 4283 747 4346 ille
769 4287 800 4345 iu
823 4303 849 4346 c.
875 4282 916 4356 12
937 4283 1015 4364 quod
1039 4286 1110 4344 hen.
1134 4278 1284 4344 v111285
1307 4283 1408 4360 Vergi-

265 4388 322 4450 lius
338 4386 433 4450 Salios
450 4386 571 4449 Herculi
594 4385 684 4458 dedit,
708 4404 784 4467 quos
800 4393 913 4447 tantum
929 4385 1015 4447 llarti
1038 4385 1219 4447 dedicaverit
1233 4385 1407 4465 antiquitas:
