3038 4912
573 359 818 404 rnouueounnn.
1206 339 1265 402 127

115 515 266 590 doctrinae
288 545 408 589 recessu
430 529 553 608 mystice
577 527 704 607 quodem
728 545 835 588 sensus
864 535 969 606 poetae
1010 525 1118 588 elicere
1146 525 1266 588 studue-

114 637 194 692 runt.
240 631 333 702 Quam
356 631 474 691 iurem
497 631 663 692 accuratius
685 631 839 707 inquirant
861 629 919 692 alii.

199 732 303 811 Neque
326 729 555 794 commentando
577 739 692 795 tantum
715 739 746 792 et
760 729 981 809 distinguendo,
1006 731 1058 792 sed
1080 731 1266 793 emendando

117 836 204 895 etiam
227 833 391 896 verborum
416 835 510 896 textui
533 851 655 913 operam
677 832 728 894 ille
751 832 839 894 dedit.
886 833 927 894 hc
942 830 1010 894 libri
1026 835 1071 894 sui
1088 835 1266 913 scripturam

116 936 299 1016 singularem
322 936 358 999 ad
380 938 450 999 Aen.
467 933 505 997 [Χ
527 932 589 998 348
611 935 736 1015 protulit
757 939 805 996 ‘et
827 933 918 996 mulla
940 943 1027 999 nocie
1048 937 1191 1016 recepit',
1216 925 1267 997 uhi

117 1057 184 1100 cum
207 1039 393 1101 adnotaverit
416 1037 519 1101 Servio
541 1045 617 1100 teste
647 1039 764 1099 ‘utrum
786 1046 875 1100 nocte
900 1056 957 1117 pro
978 1041 1098 1100 morte?
1132 1056 1169 1099 en
1199 1056 1267 1099 cum

116 1140 207 1202 multa
231 1160 290 1202 nox
312 1141 425 1203 esseti’
456 1139 603 1220 vulgatum
632 1147 727 1202 morte
754 1159 809 1220 pro
838 1139 1014 1219 glossemate
1042 1138 1185 1201 habuisse
1209 1159 1277 1220 pu-.

117 1242 223 1304 landus
246 1250 299 1305 est.
346 1241 454 1306 [iubilo
477 1250 579 1305 utrum
603 1243 774 1304 coniectura
803 1259 840 1304 an
864 1243 976 1304 codicis
997 1227 1171 1304 auctoritate
1193 1244 1265 1304 hen.
1302 1257 1305 1264 ’
1364 1237 1366 1240 ’

115 1341 191 1408 145
214 1347 351 1407 ‘verius'
375 1364 448 1415 csse,
473 1344 523 1406 ‘ut
548 1347 589 1406 sit
610 1345 843 1415 vehementius',
867 1344 1041 1406 iudicaverit
1063 1343 1264 1424 ‘scopuloque

116 1451 229 1524 infimi
251 1452 354 1510 acuto'
378 1467 467 1528 quam
490 1449 643 1508 omnium·
657 1446 800 1509 librorum
825 1455 996 1510 nostrorum
1018 1449 1126 1523 infixit.
1177 1447 1267 1508 Posse

115 1549 189 1612 illud
211 1543 301 1610 simili
323 1551 395 1611 hen.
420 1549 446 1610 X
469 1545 532 1611 303
566 1549 703 1630 exemplo
734 1549 936 1612 commendari
969 1549 1124 1619 adnotavi,
1160 1549 1267 1610 lortius

115 1659 214 1712 tamen
239 1670 303 1714 esse
332 1669 418 1731 nego.
460 1651 562 1713 'liecte
589 1651 769 1731 repudiavit,
804 1652 883 1730 quod
912 1653 1015 1713 ‘multi
1043 1652 1191 1712 invenisse
1214 1654 1265 1712 sc'

116 1752 255 1816 dicebant
284 1753 326 1832 lut
348 1754 467 1815 Servius
496 1749 760 1830 aitlhen.1150
787 1756 921 1834 ‘iamque
949 1753 1029 1815 laces
1058 1761 1088 1814 et
1115 1771 1184 1814 saxa
1213 1770 1262 1815 oe

115 1858 199 1917 lnnt'
224 1876 279 1936 pro
302 1859 416 1918 volant.
873 1881 876 1884 ·

200 1958 364 2020 continuae
398 1966 497 2019 iernen
530 1959 717 2019 recensionis
747 1958 871 2019 Cornuti
905 1959 1081 2020 auctoritate
1104 1975 1264 2018 commen-

117 2059 200 2120 datae
222 2062 344 2139 vestigie
368 2058 448 2120 nulla
471 2061 501 2120 in
524 2058 610 2121 libris
632 2061 743 2120 nostris
766 2061 975 2139 reperiuntur,
1006 2060 1063 2120 nisi
1092 2061 1158 2140 quis
1191 2060 1267 2121 torte

84 2161 292 2224 'scholiastae
315 2161 494 2223 Veronensis
522 2161 558 2222 ad
587 2163 660 2222 hen.
692 2157 835 2222 x11470
863 2161 936 2224 haec
967 2163 1097 2223 ‘excutit
1123 2169 1154 2222 et
1180 2160 1268 2240 longe
1339 2199 1341 2202 -

117 2263 229 2344 lapsum
259 2273 378 2327 temone
407 2263 542 2344 reliquit'
574 2263 702 2326 laceram
731 2265 916 2324 notationem
949 2264 1027 2325 ³—t
1053 2267 1085 2325 in
1114 2266 1204 2326 Cora.
1236 2273 1266 2324 et

116 2368 213 2437 -uit,
239 2385 294 2446 ego
316 2366 438 2428 reli—-'
462 2365 499 2426 de
515 2365 638 2427 Cornuti
654 2343 785 2427 editione
803 2365 901 2444 aliqua
924 2367 1114 2446 interpretari
1136 2368 1266 2428 animum

116 2461 274 2530 induxerit
319 2468 376 2551 libi
398 2470 424 2530 si
447 2477 666 2530 commentator
695 2469 775 2530 idem
804 2467 890 2546 legit,
921 2468 998 2547 quod
1027 2470 1058 2529 in
1087 2469 1189 2530 codice
1212 2471 1267 2530 Ve-

116 2572 238 2630 ronensi
261 2572 409 2651 rescripto
431 2578 520 2640 extet,
547 2570 763 2641 RELllVQVlT,
788 2570 862 2632 alter
885 2569 934 2631 ille
959 2573 1058 2646 Corn„
1082 2587 1171 2648 quem
1195 2589 1266 2633 saure

118 2673 283 2733 donatam
294 2671 477 2751 probabilius
489 2691 577 2750 quam
585 2675 756 2736 Cornelium
772 2672 904 2751 intellegi
923 2691 1012 2753 snpra
1024 2692 1054 2753 p.
1068 2668 1109 2733 28
1121 2673 1192 2741 dixi
1204 2677 1265 2735 lor·

94 2767 195 2834 ¹tasse
217 2772 396 2845 RELlQVlT
419 2773 615 2854 praetulerat,
644 2774 724 2856 qued
753 2777 783 2835 in
806 2776 918 2855 Pliydc
946 2783 975 2836 et
1003 2795 1019 2837 a
1047 2793 1137 2836 manu
1161 2776 1264 2855 priore

116 2877 205 2936 ctiam
227 2877 259 2936 in
275 2877 311 2937 M
331 2875 448 2954 legitur.
474 2877 510 2938 Et
523 2875 621 2938 solent
636 2876 755 2938 Cornuti
779 2878 943 2938 sententiae
965 2876 1062 2938 refelli
1085 2879 1116 2938 in
1139 2877 1262 2939 scholiis

117 2976 356 3040 Veronensibus:
382 2978 419 3039 ad
442 2977 496 3039 ecl.
521 2978 560 3039 Vl
584 2975 604 3040 9
626 2984 700 3040 Aen.
723 2980 746 3039 V
768 2975 832 3040 488
855 2977 921 3042 coll.
944 2979 997 3040 llll
1021 2975 1091 3041 178.

124 3119 125 3122 =
200 3080 274 3141 'l'am
297 3082 388 3160 igitur
410 3099 502 3160 pauca
532 3091 602 3143 sunt
631 3098 706 3158 quae
737 3080 773 3142 de
796 3080 921 3143 Cornuti
949 3081 1054 3146 studiis
1081 3082 1112 3142 in
1135 3081 1266 3143 Aeneide

117 3181 342 3244 commentanda
365 3184 470 3262 positis
492 3184 676 3262 accepimns:
709 3183 762 3244 sed
797 3202 853 3244 nec
881 3181 1016 3244 bucolica
1047 3201 1104 3244 nec
1126 3186 1266 3262 georgica

117 3303 242 3364 prorsus
265 3283 301 3346 ab
325 3304 361 3346 ec
384 3284 519 3364 neglecta
542 3303 608 3347 esse
636 3283 681 3345 vel
705 3283 791 3345 Gellii
820 3284 903 3346 locus
926 3285 950 3345 ll
972 3282 993 3346 6
1016 3303 1106 3366 supra
1129 3284 1266 3348 laudatus

119 3384 215 3447 docet.
237 3386 398 3450 Praeterea
414 3406 483 3448 vero
506 3387 553 3450 his
575 3389 605 3449 in
622 3384 843 3448 Veronensibus
858 3385 978 3448 scholiis
1001 3387 1036 3448 ad
1061 3387 1113 3450 ecl.
1133 3386 1170 3448 lll
1185 3385 1265 3470 40*)

119 3495 148 3546 et
169 3487 206 3548 Vl
228 3485 308 3568 9**l
333 3491 498 3552 sententiae
522 3491 586 3550 eius
608 3488 680 3550 tales
695 3491 871 3560 refutentur,
896 3491 1031 3568 quasvis
1053 3488 1110 3552 alio
1133 3489 1198 3552 loco
1221 3499 1264 3551 at·

111 3584 176 3666 ‘que
203 3591 234 3651 in
270 3593 484 3654 commentario
518 3590 686 3670 eclogarum
720 3591 880 3672 protulisse
913 3592 1089 3655 iudicandus
1121 3595 1167 3653 sit
1224 3594 1266 3654 lle

119 3690 301 3754 scholiorum
323 3693 522 3756 bernensium
546 3693 581 3754 ad
606 3692 660 3755 ecl.
684 3693 724 3754 lll
748 3691 809 3756 105
830 3695 1001 3756 testimonio
1024 3694 1265 3775 quodam'suprn

117 3812 145 3872 p.
169 3790 209 3855 97
233 3795 302 3866 dixi,
326 3797 377 3858 uhi
398 3797 517 3858 Asconii
539 3795 661 3858 Pedieni
683 3815 805 3876 operam
829 3795 1022 3875 Vergilianam
1046 3796 1227 3859 adumbravi.
1274 3785 1275 3790 ¹

137 3981 139 3988 ¹
193 3996 285 4068 *J‘in
308 3999 399 4052 medio
422 3999 475 4051 duo
498 3999 591 4067 sigua]
614 4002 642 4052 in
665 4001 755 4052 medio
774 3999 911 4052 Cornutus
933 4001 976 4052 sic
999 4002 1128 4052 aestimat
1149 3998 1265 4068 dic[tnm

117 4100 178 4136 esse
198 4082 326 4150 utillud]
347 4087 376 4135 in
395 4085 486 4136 medio
504 4086 572 4136 mihi
590 4085 696 4138 Caesar
714 4087 775 4145 erit,
795 4101 844 4151 pro
863 4086 1021 4138 eminebit!

167 4168 214 4236 ²⁴³)
234 4175 306 4221 ‘nou
326 4171 434 4236 iniussa
453 4159 534 4236 cano]
554 4169 692 4224 Cornutus
709 4177 791 4236 putet
814 4171 867 4223 hoc
884 4169 920 4222 ad
937 4187 1029 4222 musas
1048 4173 1197 4236 pertinere,
1215 4172 1263 4223 sed

116 4253 185 4304 illud
204 4256 294 4320 magis
313 4254 521 4321 accipiendum,
547 4255 682 4321 Cynthius
702 4271 795 4307 aurem
813 4256 895 4308 vellit
913 4263 942 4307 ct
960 4253 1128 4322 ndm0n[uit,
1153 4255 1264 4307 seilicet

116 4341 183 4405 quin
201 4341 278 4390 iussn
291 4338 421 4408 Au]gusti
439 4341 595 4392 admonitus
614 4331 651 4390 sil
667 4345 699 4390 ut
717 4341 846 4392 bucolica
864 4341 1018 4395 scriberet!
1032 4341 1174 4402 ‚Servium
1194 4347 1263 4391 ‘non

116 4425 224 4477 iniussa
242 4441 320 4490 ceno,
344 4425 391 4478 uel
411 4426 446 4478 ab
464 4425 592 4492 Apolline
610 4425 656 4477 vel
676 4427 711 4478 ab
729 4427 853 4493 Augusto
874 4423 927 4492 [vel
948 4443 965 4476 a
982 4424 1185 4493 Maeeenate].‘
