2962 4904
248 327 289 402 ‘24
700 354 942 400 erronncoueua.

142 595 144 600 ,
249 529 303 590 ‘ad
327 533 492 590 continente
517 533 545 586 et
567 525 699 587 l‘ahulas'
724 525 853 594 referre,
884 523 1010 602 ‘quihus
1033 522 1155 602 Vergilii
1183 542 1291 584 nomen
1322 531 1395 585 tern-

250 651 323 712 pore
345 631 416 692 satis
445 629 566 706 antiquo
596 627 741 690 cumulari
770 635 906 708 coeptum
937 630 1009 687 est)
1059 625 1132 687 Nam
1161 643 1236 704 clerae
1263 625 1299 688 ad
1323 627 1396 688 hen.

250 734 298 794 Vll
321 731 437 794 740111
460 719 611 792 Se'rrianis
634 729 756 792 scholiis
780 729 918 790 adnotata
942 728 1082 808 leguntur
1111 731 1248 790 ‘moenie
1271 730 1398 791 Beltee:

250 835 333 897 multi
357 837 466 896 rVoIem
489 831 591 893 volunt
617 831 750 910 intellegi
779 839 808 892 et
838 831 941 892 dicunt
968 832 1075 892 iratum
1100 829 1258 909 Vergilium
1288 850 1398 893 nornen

251 939 314 998 cius
336 945 468 997 mutasse
490 941 613 1015 propter
636 935 692 995 sibi
709 942 846 1013 negatum
864 932 1033 1013 hospitium,
1058 943 1086 994 et
1101 933 1131 994 id
1147 941 1250 1014 aperte
1266 933 1398 996 noluisse

250 1040 364 1108 dicere,
401 1037 453 1100 sed
481 1036 640 1098 ostendere
674 1055 728 1116 per
756 1035 957 1115 periphrasin.
994 1054 1060 1097 nam
1094 1034 1154 1096 illie
1182 1037 1294 1098 Punica
1323 1036 1398 1098 mala

250 1149 421 1211 nascuntur,
446 1147 479 1201 ut
500 1157 580 1201 nuno
603 1139 692 1200 Belle
715 1149 770 1217 pro
787 1138 866 1200 Nola
889 1139 1024 1218 posuerit
1033 1142 1052 1208 ’‚
1077 1137 1151 1199 haec
1173 1157 1255 1200 mera
1279 1141 1397 1200 corrice·

251 1253 315 1306 tura
344 1243 380 1306 ad
408 1241 573 1303 inauditum
607 1239 706 1302 Bellae
735 1239 835 1320 oppidi
865 1259 973 1300 rhomen
1004 1239 1209 1320 explicandum
1247 1243 1402 1322 proposita·
1460 1235 1464 1244 “

251 1365 317 1408 esse
340 1353 370 1406 et
389 1343 512 1405 ‘volunt
531 1341 681 1420 intellegi'
705 1336 825 1403 ittod'or
840 1341 964 1403 aliorum
982 1335 1105 1420 quaein
1120 1343 1312 1421 sequentihus
1335 1362 1397 1405 me·

252 1437 406 1509 morantur
429 1447 585 1526 opiniones
600 1445 716 1513 docent,
741 1463 807 1505 cunr
824 1447 917 1505 nostri
935 1444 991 1504 loci
1007 1443 1177 1506 diltienllate
1193 1445 1272 1506 nulla
1290 1449 1400 1509 varritas

254 1550 462 1614 labellatorum
484 1549 604 1608 inritata
633 1549 679 1608 sit.
731 1547 807 1616 Nec,
837 1565 939 1606 verum
962 1555 995 1606 ut
1017 1550 1125 1616 latear,
1156 1549 1226 1608 satis
1248 1548 1398 1628 intellego,

254 1652 325 1731 quid
342 1660 399 1714 tam
422 1649 578 1711 ‘absurdi’
602 1650 718 1711 insitio
735 1649 906 1710 narratione
921 1648 1062 1712 Gelliaua.
1098 1649 1237 1730 Numqui
1260 1653 1400 1714 ‘secessu

252 1754 428 1834 Campaniae
444 1751 607 1832 plurImum
631 1756 783 1828 uteretur'
808 1757 895 1831 poeta
926 1750 993 1832 (rita
1015 1769 1044 1830 p.
1068 1748 1120 1822 57,
1146 1748 1194 1831 15)
1224 1771 1284 1814 non
1313 1755 1400 1834 inops

251 1847 361 1937 quique
384 1853 507 1934 Neapoli
534 1853 679 1914 scriberet
701 1855 855 1933 georgica,
885 1837 987 1931 quidni
1011 1860 1041 1913 et
1062 1853 1158 1914 villam
1181 1855 1350 1933 possederit
1370 1859 1401 1918 in

252 1977 324 2039 agro
346 1956 459 2020 Nolano
484 1965 513 2017 et
535 1954 572 2016 de
594 1973 669 2034 aqua
691 1957 722 2017 in
744 1975 796 2016 rus
820 1955 1108 2020 soumtdeducenda
1135 1959 1233 2018 acrius
1261 1975 1329 2020 curn
1360 1959 1400 2020 vi-

253 2062 329 2124 cinis
352 2061 447 2139 egerit
469 2069 499 2120 et
521 2059 663 2120 offensam
686 2059 810 2137 poeticis
833 2059 923 2120 armis
945 2057 1024 2119 ultus
1047 2059 1103 2120 siti

339 2162 397 2224 Sed
413 2178 599 2242 quacumque
622 2169 776 2240 permotus
800 2169 845 2221 est
860 2178 948 2223 causa
964 2168 998 2220 ut
1011 2159 1103 2222 Nolae
1119 2165 1295 2224 memoriam
1312 2164 1400 2226 ohlit·

252 2251 379 2333 teraret',
412 2270 538 2325 testatur
561 2263 793 2324 commentarius
815 2261 865 2323 ille
888 2263 1017 2341 primum
1039 2271 1068 2324 et
1089 2267 1262 2326 recitacione
1288 2275 1317 2328 et
1339 2271 1399 2330 edi-

252 2372 331 2431 disse
355 2364 515 2445 Vergilium
539 2366 571 2424 N
576 2369 657 2440 ele,
679 2371 783 2443 postca
805 2372 935 2426 mutasse
957 2373 1047 2442 etque
1068 2369 1225 2444 reliquisse
1247 2371 1321 2430 or'o.
1366 2369 1403 2431 Et

253 2471 290 2532 de
313 2469 370 2530 hoe
393 2487 431 2529 ne
454 2466 568 2529 Gellius
597 2466 716 2544 quidem
746 2466 905 2537 dubitarit;
936 2466 1081 2528 dubitavit
1111 2475 1223 2531 tantum
1247 2470 1284 2530 de
1314 2490 1401 2533 cansa

252 2572 436 2640 mutationis,
461 2587 547 2648 quam
572 2567 651 2647 quod
674 2568 777 2631 maluit
793 2571 934 2631 suavitate
946 2553 1075 2647 'quadam
1092 2574 1194 2632 canori
1210 2572 1298 2634 simul
1314 2581 1403 2652 atque

252 2673 375 2738 iucundi
397 2672 496 2734 hiatus
518 2674 596 2733 inter
620 2680 778 2751 utrumque
802 2691 920 2734 versum
944 2673 1031 2752 positi
1053 2675 1261 2754 interpretari,
1286 2675 1402 2739 ridetur

253 2761 324 2840 sane
347 2776 494 2855 argutari:
528 2792 595 2834 nam
620 2783 650 2834 et
672 2793 802 2836 conexos
826 2776 973 2836 sententia
998 2783 1027 2838 et
1050 2761 1205 2838 distinctos
1228 2779 1402 2858 interpunc-

254 2881 334 2941 tione
358 2896 461 2940 rersus
484 2875 627 2938 vocalium
650 2895 798 2938 concursu
822 2876 1025 2939 coalescentes
1046 2879 1077 2938 in
1100 2881 1246 2958 georgicis
1275 2886 1307 2940 ut
1335 2881 1401 2961 plu·

252 2983 346 3044 rimos
367 2980 510 3048 invenies,
535 2981 574 3039 ita
597 2979 743 3040 ‘canoro'
772 2979 823 3039 illo
847 2979 992 3041 vocalium
1016 2999 1033 3040 o
1056 2983 1298 3057 concurrentium
1321 2981 1403 3044 hiatu

252 3092 340 3165 poeta
364 3084 472 3144 mirum
496 3083 526 3141 in
550 3080 670 3143 noudum
694 3081 844 3152 ahstinuit,
869 3083 919 3159 qrri
940 3083 970 3143 in
987 3089 1125 3163 quattuor
1141 3086 1301 3163 georgicon
1318 3084 1403 3146 libris

255 3195 374 3266 praeter
396 3202 442 3264 ge.
468 3183 494 3245 ll
516 3181 578 3246 3811
603 3183 734 3262 t‘solnto,
759 3187 904 3262 oraqhe’,
935 3183 984 3244 uhi
1007 3186 1165 3248 intercedit
1186 3175 1402 3267 interpunctio)

252 3307 311 3350 non
335 3287 401 3368 plus
421 3286 480 3346 duo
505 3304 598 3365 eaque
621 3288 650 3346 in
675 3294 778 3366 quarto
806 3286 884 3348 lihro
914 3285 1048 3366 exempla
1070 3306 1195 3366 prorsus
1219 3289 1325 3352 similia
1348 3311 1402 3372 po·

253 3391 360 3451 suerit:
384 3385 446 3450 217
470 3387 560 3449 ‘hello
575 3387 746 3458 attrectant,
772 3396 800 3449 et
814 3384 877 3450 265
892 3389 983 3450 ‘ultro
999 3389 1190 3454 hortantcrn’.

337 3489 382 3552 llli
400 3497 498 3552 autem
512 3492 681 3552 testimonio
698 3490 767 3552 olim
779 3490 834 3553 alia
846 3511 906 3554 non
919 3495 1017 3554 minus
1034 3502 1112 3555 certa
1129 3494 1223 3556 Servii
1240 3515 1273 3558 ac
1289 3495 1403 3559 Philar-

252 3595 327 3674 gyrii
339 3593 469 3662 adiunxi,
483 3611 559 3670 quae
572 3612 626 3654 sno
637 3593 775 3673 quodque
787 3594 854 3655 loco
866 3597 896 3657 in
908 3599 1130 3658 commentariis
1142 3599 1251 3658 criticis
1262 3597 1402 3677 adposui:

252 3696 347 3788 adgc.
360 3695 370 3755 l
384 3693 413 3755 li.
430 3694 477 3756 13.
490 3693 541 3756 66.
555 3693 597 3756 69
610 3715 653 3775 sq.
678 3696 703 3756 ll
719 3693 782 3757 344
805 3696 856 3758 llll
882 3694 950 3760 112.
970 3695 1039 3759 141.
1053 3695 1125 3760 231.
1155 3699 1288 3760 Tradunt
1303 3709 1402 3762 autem

253 3797 336 3858 talia:
361 3797 546 3858 ‘emendarit
561 3799 642 3877 ipse:
668 3799 856 3860 emendatum
872 3801 940 3868 luit:
966 3803 1048 3880 prior
1064 3801 1167 3870 lectio;
1184 3802 1280 3880 ipsius
1296 3821 1401 3872 manu;

253 3900 347 3981 ipsius
370 3918 459 3960 manu
483 3899 593 3979 duplex
617 3901 673 3961 luit
689 3903 858 3981 scriptura:
884 3904 978 3981 ipsius
1002 3922 1090 3964 manu
1113 3903 1277 3973 adiectum
1308 3906 1403 3984 ipsius

253 4021 344 4064 manu
369 4002 475 4062 adiecti
499 4001 604 4062 deletis
628 4002 773 4065 duobus.’
818 4004 919 4085 ltaque
943 4025 980 4067 ue
1003 4004 1077 4068 haec
1100 4005 1220 4084 quidem
1244 4008 1343 4068 omnia
1366 4007 1403 4068 de

254 4103 378 4184 singulis
402 4102 523 4165 vocibus
547 4107 666 4166 mutatis
695 4105 738 4184 (ut
758 4111 885 4168 mitteris
906 4109 1017 4170 solidus
1039 4128 1093 4189 pro
1109 4109 1268 4187 frugibus,
1287 4113 1404 4172 lumine

253 4225 309 4286 pro
333 4209 466 4279 numina,
489 4224 595 4282 equom
617 4226 672 4285 pro
696 4226 816 4284 atquem,
841 4207 1033 4287 ealdrernque
1054 4228 1109 4290 pro
1131 4214 1285 4290 calorque,
1312 4216 1404 4288 pinus

254 4328 309 4389 pro
332 4313 422 4383 tinus,
443 4313 537 4384 liores
558 4327 612 4388 pro
631 4308 735 4387 fetus),
759 4310 810 4371 sed
834 4310 870 4371 dc
894 4315 963 4372 totis
986 4312 1121 4374 versibus
1143 4313 1186 4374 vel
1204 4313 1402 4374 hemistichiis

252 4419 333 4472 certe
357 4411 574 4472 transformatis
597 4417 753 4473 testantur.
