2956 4906
527 359 771 403 anennoounua.
1158 342 1221 406 233

75 529 149 610 qurd
172 529 256 589 video
279 529 406 590 maxime
436 526 520 587 exilis
549 534 579 586 et
607 526 690 589 rudis
718 530 834 606 species
862 536 907 590 est
929 531 1073 605 Medicer',
1103 533 1133 591 in
1164 551 1222 610 qno

76 632 150 693 adeo
174 639 243 691 sunt
266 648 340 710 quae
368 647 383 688 a
412 627 581 708 capitalium
608 627 774 690 litterarum
809 649 913 692 norma
947 633 1040 710 magis
1073 651 1160 712 quam
1190 634 1222 692 in

76 726 185 794 ceteris
207 730 356 800 recedant,
380 727 492 791 scilieet
519 729 636 790 litterae
658 734 701 792 r'l
721 739 732 792 t
753 751 782 792 u.

161 834 265 894 Cetera
306 851 341 892 ex
380 830 488 892 tabulis
523 831 734 910 lithographis,
770 832 878 913 quibus
913 833 1048 914 exempla
1085 835 1220 897 codicum

74 937 226 1016 proposita
250 941 327 1003 sunt,
352 928 579 1011 cognoscentur.
624 931 736 993 Similia
759 940 857 994 autern
880 935 1014 996 l'alatino
1037 944 1067 997 et
1089 935 1224 998 Romano

75 1043 196 1116 praeter
211 1035 403 1097 Prudentium
426 1051 514 1112 supra
539 1032 688 1094 laudatum
706 1036 832 1096 maxime
848 1035 972 1097 dixerim
989 1036 1121 1099 Sallustii
1144 1039 1224 1118 trag·

76 1147 210 1199 mentum
233 1135 419 1206 Toletanum,
449 1153 527 1196 nune
549 1133 753 1206 Berolinense,
777 1143 807 1196 et
829 1137 1030 1199 Taurinenses
1054 1139 1223 1201 Ciceronia-

77 1258 182 1300 narum
205 1240 236 1299 in
259 1239 397 1300 Pisonem
420 1246 450 1298 et
470 1254 525 1315 pro
549 1236 646 1297 Tullio
670 1237 794 1300 schedas
822 1237 923 1316 quales
945 1241 1062 1320 Peyron
1090 1242 1223 1303 imitatus

76 1342 213 1408 estnisi
238 1339 316 1417 quod
340 1341 370 1399 in
393 1346 521 1418 utroque
543 1337 646 1400 codice
669 1339 776 1400 uocalis
799 1340 823 1401 U
846 1341 940 1402 lorma
965 1361 1024 1402 oon
1048 1343 1173 1404 Palatini
1196 1352 1225 1403 et

75 1442 211 1511 Romani,
241 1441 293 1502 sad
317 1439 522 1502 Vaticanarnm
546 1440 666 1518 Vergilii
694 1440 871 1504 schedarum
902 1443 1145 1505 consuetudinem
1177 1463 1223 1504 se·

78 1546 187 1622 quitur.
234 1542 308 1604 ltem
333 1542 447 1604 medius
469 1544 549 1603 inter
577 1541 630 1603 bas
654 1550 683 1603 ct
705 1541 771 1603 illos
793 1544 910 1605 ridetur
932 1544 1088 1606 Sallustius
1110 1547 1224 1607 Vatica-

77 1665 136 1706 nus
157 1647 336 1723 reseriptus,
372 1647 420 1705 cui
449 1643 591 1723 adiungas
614 1643 804 1706 Verrinamm
828 1645 980 1707 Ciceronis
1009 1647 1140 1708 codicem
1172 1665 1223 1726 pa-

76 1747 281 1826 limpsestnm,
315 1746 409 1807 l‘lauti
443 1745 691 1816 Ambrosianum,
728 1745 905 1808 Bembinum
940 1747 1082 1809 Terentii.
1143 1749 1225 1809 lnter

76 1849 231 1910 Vaticanas
254 1847 499 1927 Veronenscsque
521 1847 641 1925 Vergilii
671 1847 795 1908 schedas
824 1855 853 1908 et
874 1849 1039 1911 lledieenm
1071 1851 1223 1928 posuerim

75 1948 266 2029 palimpsesto
289 1950 426 2010 Vaticana
450 1948 563 2009 Lucani
587 1958 616 2010 et
639 1949 720 2009 Livii.
822 1999 827 2006 .

162 2050 220 2112 Sed
251 2051 281 2111 hi
315 2051 434 2113 codices
468 2068 572 2111 omnes
606 2067 672 2111 cum
705 2057 785 2112 certa
814 2053 959 2130 temporis
988 2061 1057 2111 nota
1090 2059 1224 2119 careant,

76 2152 267 2214 librariorum
291 2151 377 2214 nobis
399 2158 511 2220 sectas,
541 2169 600 2212 nen
624 2159 705 2213 certa
728 2154 833 2212 aetatis
861 2152 1032 2214 discrimina
1056 2151 1223 2214 litterarum

76 2255 261 2314 diversitates
282 2254 425 2315 indicant.
455 2252 563 2314 Verum
587 2261 633 2314 est
653 2253 818 2332 singulares
841 2262 965 2334 propter
989 2252 1225 2332 magnitudinem

75 2356 191 2416 lormae
214 2364 243 2416 ct
266 2355 428 2436 quadratae
450 2357 617 2434 scripturae
639 2355 841 2433 integritatem
865 2373 932 2416 esse
954 2354 1080 2416 schedas
1101 2356 1174 2416 Aet
1190 2357 1224 2423 G,

79 2457 132 2516 sed
156 2476 194 2517 ne
217 2455 285 2517 hiric
308 2456 427 2534 quidem
443 2457 642 2536 praestantiae
663 2465 775 2517 tantum
799 2457 965 2526 tribuerim,
989 2464 1022 2517 ut
1044 2457 1154 2542 ceteris
1177 2475 1225 2516 re·

78 2561 222 2620 iustiores
244 2576 311 2618 esse
334 2557 504 2618 concedam.
536 2557 674 2618 Concedo
690 2559 959 2636 magnificentiores
982 2566 1011 2619 et
1032 2559 1226 2636 pretiosiores

79 2679 156 2730 esse,
180 2659 231 2720 sed
256 2658 358 2744 quales
381 2657 425 2719 vel
448 2666 515 2738 post
537 2661 665 2739 primum
689 2659 841 2720 saeculum
865 2659 1005 2736 opulento
1029 2658 1150 2730 bomini,
1175 2661 1225 2740 qui

76 2771 107 2822 et
130 2758 323 2822 membranas
346 2758 545 2838 amplissimas
568 2769 598 2821 et
620 2760 760 2840 pingendi
784 2761 912 2821 artifices
934 2763 1032 2839 pretio
1047 2760 1103 2822 sibi
1118 2780 1225 2840 parare
1301 2811 1302 2814 ,

73 2870 186 2943 posset,
220 2861 333 2923 librarii
356 2859 442 2946 lacile
465 2861 606 2940 eltingere
629 2861 787 2942 potuerint.
839 2860 949 2923 Omnes
977 2869 1076 2922 autem
1106 2862 1225 2924 codices

77 2972 208 3033 nostros
231 2961 451 3042 pulcherrimos
467 2963 564 3031 etiam,
588 2961 699 3023 ultimis
712 2964 831 3042 imperii
847 2963 973 3024 Romani
989 2963 1116 3024 saeculis
1131 2962 1225 3025 multo

77 3068 190 3128 rectius
214 3082 302 3144 quam
326 3063 369 3126 rel
391 3066 559 3142 Augusteae
582 3065 685 3124 aetatis
712 3063 875 3142 elegantiae
905 3064 949 3124 vel
972 3063 1112 3125 lladrianl
1134 3065 1224 3126 rinto-

40 3223 48 3232 .
75 3169 279 3244 ninorumque
295 3165 479 3245 temporibus
495 3164 664 3226 cultissimis
680 3164 772 3226 tribui
793 3167 867 3245 ipsis
891 3164 1048 3226 verborum
1068 3166 1172 3227 termis
1195 3174 1225 3226 et

74 3265 258 3347 corruptelis
281 3265 526 3347 satisprebatur,
551 3257 625 3343 quae
648 3268 755 3344 partim
777 3264 991 3345 pronuntiandi
1007 3265 1102 3346 qualis
1124 3269 1224 3347 sequi·

75 3367 181 3429 oribus
203 3367 330 3430 saeculis
352 3367 510 3446 ingruebat
532 3365 699 3428 barbariem
722 3366 768 3427 vel
790 3368 993 3436 rusticitatem,
1017 3369 1124 3446 partim
1140 3369 1224 3447 igno·

78 3471 204 3531 rantiam
229 3468 303 3530 adeo
326 3471 473 3530 sermonis
495 3469 589 3530 Latini
613 3469 813 3547 turpissimam
835 3469 976 3548 produnt.
1027 3469 1089 3530 Nec
1115 3471 1223 3531 intaeta

77 3571 133 3631 bac
157 3569 223 3630 labe
246 3576 347 3632 nostra
372 3569 550 3650 exemplaria
573 3570 740 3647 Vergiliana
770 3589 835 3632 esse
858 3579 888 3632 et
911 3589 945 3632 ea
967 3570 1222 3646 demonstrabunt,

75 3689 152 3748 quae
174 3670 264 3750 paulo
285 3673 362 3732 inira
384 3673 594 3750 propositurus
617 3689 693 3741 sum,
718 3679 748 3730 et
769 3671 867 3733 indice
891 3689 979 3750 quem
1003 3671 1224 3751 prolegomenis
1273 3668 1274 3672 ’

71 3770 187 3834 subieci
209 3775 402 3851 grammatico
424 3771 589 3851 apparebit.

84 3923 87 3932 .
159 3873 219 3936 lam
243 3891 314 3934 vero
336 3872 431 3935 multo
453 3875 573 3951 gravior
594 3875 729 3953 quaestio
752 3883 812 3942 est,
836 3873 922 3952 quale
946 3875 1038 3936 luerit
1059 3877 1225 3954 scripturae.

75 3992 173 4052 genus
195 3976 224 4036 in
250 3977 292 4036 eis
314 3975 400 4036 libris
423 3977 484 4036 sive
507 3977 537 4035 in
561 3993 596 4035 eo
619 3975 706 4044 libro,
735 3976 814 4036 unde
838 3978 930 4038 nostri
955 3977 1145 4038 vetustissimi
1167 3979 1225 4037 orti

74 4083 155 4136 sunt.
202 4075 306 4138 Cicero
328 4076 448 4156 quidem
472 4078 502 4136 in
526 4077 650 4156 epistola
675 4077 710 4138 ad
736 4079 806 4139 lam.
835 4077 897 4138 llVl
923 4073 965 4137 22
980 4078 1120 4138 Tironem
1140 4079 1225 4138 iussit

71 4178 101 4238 si
124 4177 195 4256 quid
218 4176 330 4239 librarii
355 4180 448 4256 ipsius
471 4197 560 4238 marm
583 4197 642 4238 raon
671 4179 882 4258 intellegerent
909 4187 1090 4246 monstrare,
1120 4197 1223 4239 unanr·

13 4353 19 4360 ι
76 4295 136 4356 que
158 4280 281 4338 omuino
304 4279 385 4339 addit
407 4281 666 4358 interpositionem
690 4281 887 4340 ‹lilllciliorem
905 4299 978 4348 esse,
1004 4299 1089 4358 qnam
1107 4299 1144 4340 ne
1160 4282 1223 4358 ipse

69 4377 192 4460 quidem
220 4378 307 4441 lacile
330 4379 430 4458 legere
454 4379 563 4449 soleat;
599 4398 654 4441 nce
684 4383 783 4442 minus
805 4380 1008 4441 memorabilia
1037 4398 1112 4457 quae
1140 4383 1224 4442 tratri
