2962 4904
437 1399 866 1484 PRAEFATIO.

575 1670 725 1680 μ-

164 1942 408 2027 Prolegomenis
436 1980 475 1989 —
504 1943 574 2008 sive
601 1941 825 2028 epilegomena
869 1941 969 2006 males
1002 1943 1111 2007 dicere
1139 1965 1222 2028 quac

85 2043 157 2108 olim
179 2043 352 2129 promissa,
375 2043 562 2108 intermissa
584 2065 682 2128 saepe
705 2052 738 2106 et
760 2043 841 2107 satis
864 2043 963 2126 longa
984 2064 1043 2128 per
1066 2053 1221 2128 tempora,

83 2145 165 2208 inter
187 2166 351 2210 armorum
380 2141 518 2229 denique
544 2142 721 2209 tumultum
749 2143 790 2207 ad
819 2143 915 2208 finem
938 2143 1078 2207 deducta
1105 2153 1221 2228 quarto

83 2255 154 2330 post
181 2243 367 2310 absolutam
395 2253 502 2309 textus
533 2243 707 2310 editionem
742 2266 824 2308 anno
852 2243 986 2310 tandem
1014 2253 1222 2329 exponuntur

82 2346 183 2430 magis
212 2367 311 2431 quam
341 2345 533 2411 emittuntur
565 2381 606 2391 —
639 2343 913 2430 comprehendere
940 2343 1030 2409 volui
1064 2345 1222 2430 quidquid

85 2443 284 2530 Vergiliauis
310 2445 508 2510 carminibus
540 2446 617 2509 inde
653 2447 695 2510 ab
731 2446 833 2531 ipsius
863 2444 1006 2510 auctoris
1036 2467 1134 2508 manu
1164 2469 1222 2531 per

82 2547 190 2610 decem
212 2545 352 2633 mplius
374 2545 505 2610 saecula
532 2544 692 2611 accidisse
718 2546 886 2628 novimus,
915 2569 979 2612 non
1001 2555 1038 2610 ut
1060 2547 1102 2610 ad
1124 2547 1220 2610 huius

83 2658 207 2711 tantum
242 2657 359 2732 poetae
393 2657 520 2712 textum
555 2646 733 2732 prudenter
765 2669 803 2710 ac
830 2646 961 2712 fortiter
987 2647 1222 2711 recensendum

81 2746 217 2811 solidum
246 2755 429 2812 strueretur
451 2747 717 2828 fundamentum,
746 2746 804 2810 sed
826 2757 863 2811 ut
884 2745 1049 2812 luculento
1071 2746 1220 2833 exemplo

82 2849 178 2912 etiam
199 2847 445 2933 inperitioribus
469 2857 660 2932 appareret,
688 2869 786 2932 quam
809 2846 909 2912 dubia
931 2848 995 2912 fide
1018 2848 1071 2912 vel
1092 2850 1219 2913 ferven-

80 2949 210 3014 tissimis
243 2949 528 3032 grammaticorum
562 2947 857 3012 illustrissimorum
889 2949 1007 3012 studiis
1037 2957 1070 3012 et
1096 2949 1219 3032 magni-

80 3049 286 3114 ficentissimo
329 3047 564 3135 exemplarium
607 3046 814 3113 venerandae
849 3048 1023 3114 vetustatis
1060 3058 1220 3133 apparatu

80 3149 260 3233 integritati
288 3151 485 3234 scriptorum
513 3151 720 3236 antiquorum
754 3151 936 3213 servandae
968 3149 1137 3234 provisum
1166 3149 1219 3212 sit.

79 3249 142 3314 Sed
169 3251 245 3335 ipsa
271 3249 381 3314 studia
412 3249 470 3313 illa
504 3249 671 3336 aliquanto
707 3248 834 3334 plenius
868 3250 1014 3314 enarrari
1042 3260 1074 3314 et
1101 3251 1218 3314 rectius

79 3351 242 3416 aestimari
264 3351 457 3435 potuissent,
481 3351 508 3412 si
524 3351 670 3435 perlecta
686 3361 751 3415 tarn
767 3351 1064 3435 grammaticorum,
1081 3373 1219 3437 quorum

79 3473 194 3536 corpus
210 3447 254 3514 H.
269 3448 397 3514 Keilius
420 3451 585 3535 praeclare
607 3451 782 3532 incohavit,
807 3474 903 3550 quapr
926 3451 1123 3516 scholiorum
1139 3453 1218 3516 Ver·

78 3551 272 3636 gilianorum
296 3548 523 3615 emendatione
546 3573 668 3633 eorum,
692 3574 829 3638 quorum
851 3553 971 3636 integr-i
994 3553 1219 3618 commentarii

79 3653 254 3738 perierunt,
277 3650 434 3737 reliquiae
457 3673 499 3715 ex
520 3651 668 3718 fontibus
691 3655 758 3716 suis
782 3652 942 3717 deductae
965 3663 998 3717 et
1014 3654 1048 3716 in
1063 3654 1218 3719 eruditio-

78 3753 126 3816 nis
147 3751 279 3816 illorum
301 3761 484 3837 temporum
512 3751 681 3818 historiam
709 3753 861 3818 redactae
888 3754 1037 3820 fuissent.
1082 3755 1217 3818 interim

79 3853 307 3918 Servianorum
334 3852 539 3939 quorundam
567 3853 710 3918 locorum
735 3855 844 3918 varias
872 3853 1025 3918 lectiones
1050 3878 1091 3919 ex
1113 3856 1215 3941 copiis

78 3955 142 4017 suis
165 3951 263 4017 solita
286 3951 482 4018 liberalitate
505 3955 668 4040 prompsit
690 3955 858 4020 Gustavus
880 3954 988 4035 Thilo,
1013 3954 1053 4018 de
1074 3957 1216 4020 Beruen-

78 4054 165 4119 sibus
194 4062 303 4118 autem
337 4050 468 4118 scholiis
502 4056 670 4141 quaerenti
706 4055 903 4120 amicissimo
935 4055 1105 4141 respondit
1133 4056 1216 4120 Her-

78 4177 212 4220 mannus
229 4153 366 4239 Hagen,
390 4157 441 4218 oui
464 4177 537 4219 curn
562 4154 706 4239 singulas
729 4156 824 4220 huius
841 4155 916 4221 libri
938 4155 1088 4241 plagulas
1110 4166 1215 4220 trans-

77 4256 159 4320 mitti
180 4253 333 4319 iusserim
362 4254 476 4320 doctas
506 4256 664 4342 quasdam
693 4256 795 4323 debeo
824 4257 1067 4338 adnotationes,
1096 4257 1214 4342 quihus

75 4365 203 4446 praeter
225 4359 372 4420 addenda
394 4359 447 4421 vel
469 4363 652 4437 corriperetis
674 4355 739 4422 alia
760 4357 813 4422 hic
835 4356 941 4424 locum
963 4378 1035 4430 esse
1057 4355 1158 4425 volui,
