<?xml version="1.0" encoding="UTF-8"?>
<!DOCTYPE html PUBLIC "-//W3C//DTD XHTML 1.0 Transitional//EN"
    "http://www.w3.org/TR/xhtml1/DTD/xhtml1-transitional.dtd">
<html xmlns="http://www.w3.org/1999/xhtml" xml:lang="en" lang="en">
 <head>
  <title>
</title>
<meta http-equiv="Content-Type" content="text/html;charset=utf-8" />
  <meta name='ocr-system' content='tesseract 3.04.00' />
  <meta name='ocr-capabilities' content='ocr_page ocr_carea ocr_par ocr_line ocrx_word'/>
</head>
<body>
  <div class='ocr_page' id='page_1' title='image "./pvergilimaronis01ribbgoog/pvergilimaronis01ribbgoog_0182.png"; bbox 0 0 3038 4912; ppageno 0'>
   <div class='ocr_carea' id='block_1_1' title="bbox 575 341 1272 410">
    <p class='ocr_par' dir='ltr' id='par_1_1' title="bbox 575 341 1272 410">
     <span class='ocr_line' id='line_1_1' title="bbox 575 341 1272 410; baseline -0.007 0"><span class='ocrx_word' id='word_1_1' title='bbox 575 367 820 410; x_wconf 80' lang='lat' dir='ltr'>enoneoousue.</span> <span class='ocrx_word' id='word_1_2' title='bbox 1210 341 1272 406; x_wconf 80' lang='lat'>145</span> 
     </span>
    </p>
   </div>
   <div class='ocr_carea' id='block_1_2' title="bbox 84 533 1323 3469">
    <p class='ocr_par' dir='ltr' id='par_1_2' title="bbox 123 533 1311 1227">
     <span class='ocr_line' id='line_1_2' title="bbox 123 533 1273 619; baseline -0.005 -19"><span class='ocrx_word' id='word_1_3' title='bbox 123 538 202 619; x_wconf 89' lang='lat' dir='ltr'>apud</span> <span class='ocrx_word' id='word_1_4' title='bbox 219 537 347 599; x_wconf 88' lang='lat' dir='ltr'>Gellium</span> <span class='ocrx_word' id='word_1_5' title='bbox 370 537 396 597; x_wconf 94' lang='lat' dir='ltr'>ll</span> <span class='ocrx_word' id='word_1_6' title='bbox 419 533 439 597; x_wconf 89' lang='grc'><strong>6</strong></span> <span class='ocrx_word' id='word_1_7' title='bbox 463 534 575 596; x_wconf 90' lang='lat' dir='ltr'>eisdem</span> <span class='ocrx_word' id='word_1_8' title='bbox 597 536 661 597; x_wconf 86' lang='grc'>1010</span> <span class='ocrx_word' id='word_1_9' title='bbox 684 534 783 596; x_wconf 88' lang='lat' dir='ltr'>verbis</span> <span class='ocrx_word' id='word_1_10' title='bbox 805 535 964 605; x_wconf 77' lang='lat' dir='ltr'>refutetur,</span> <span class='ocrx_word' id='word_1_11' title='bbox 989 553 1048 596; x_wconf 90' lang='lat' dir='ltr'>non</span> <span class='ocrx_word' id='word_1_12' title='bbox 1073 535 1161 595; x_wconf 92' lang='lat' dir='ltr'>nimis</span> <span class='ocrx_word' id='word_1_13' title='bbox 1177 533 1273 595; x_wconf 83' lang='lat' dir='ltr'>audax</span> 
     </span>
     <span class='ocr_line' id='line_1_3' title="bbox 124 636 1272 720; baseline -0.003 -20"><span class='ocrx_word' id='word_1_14' title='bbox 124 642 255 720; x_wconf 91' lang='lat' dir='ltr'>suspicio</span> <span class='ocrx_word' id='word_1_15' title='bbox 283 641 354 708; x_wconf 89' lang='lat' dir='ltr'>erit,</span> <span class='ocrx_word' id='word_1_16' title='bbox 389 638 469 698; x_wconf 91' lang='lat' dir='ltr'>buno</span> <span class='ocrx_word' id='word_1_17' title='bbox 498 655 617 715; x_wconf 91' lang='lat' dir='ltr'>quoque</span> <span class='ocrx_word' id='word_1_18' title='bbox 639 636 730 698; x_wconf 82' lang='lat' dir='ltr'>Probi</span> <span class='ocrx_word' id='word_1_19' title='bbox 754 639 1001 698; x_wconf 87' lang='lat' dir='ltr'>commentarium</span> <span class='ocrx_word' id='word_1_20' title='bbox 1031 655 1091 697; x_wconf 92' lang='lat' dir='ltr'>non</span> <span class='ocrx_word' id='word_1_21' title='bbox 1120 637 1272 696; x_wconf 89' lang='lat' dir='ltr'>nominato</span> 
     </span>
     <span class='ocr_line' id='line_1_4' title="bbox 123 737 1311 819; baseline -0.005 -16"><span class='ocrx_word' id='word_1_22' title='bbox 123 749 156 803; x_wconf 91' lang='lat' dir='ltr'>ut</span> <span class='ocrx_word' id='word_1_23' title='bbox 177 741 249 802; x_wconf 86' lang='lat' dir='ltr'>alias</span> <span class='ocrx_word' id='word_1_24' title='bbox 272 749 393 802; x_wconf 90' lang='lat' dir='ltr'>auctore</span> <span class='ocrx_word' id='word_1_25' title='bbox 417 740 622 819; x_wconf 74' lang='lat' dir='ltr'>excerpsisse·</span> <span class='ocrx_word' id='word_1_26' title='bbox 636 747 666 799; x_wconf 92' lang='lat' dir='ltr'>et</span> <span class='ocrx_word' id='word_1_27' title='bbox 687 758 704 799; x_wconf 90' lang='lat' dir='ltr'>a</span> <span class='ocrx_word' id='word_1_28' title='bbox 726 738 865 800; x_wconf 80' lang='lat' dir='ltr'>familiari</span> <span class='ocrx_word' id='word_1_29' title='bbox 888 738 1016 816; x_wconf 87' lang='lat' dir='ltr'>quodam</span> <span class='ocrx_word' id='word_1_30' title='bbox 1039 737 1129 799; x_wconf 84' lang='lat' dir='ltr'>Probi</span> <span class='ocrx_word' id='word_1_31' title='bbox 1146 737 1273 798; x_wconf 87' lang='lat' dir='ltr'>Gellium</span> <span class='ocrx_word' id='word_1_32' title='bbox 1308 737 1311 744; x_wconf 80' lang='grc'><em>’</em></span> 
     </span>
     <span class='ocr_line' id='line_1_5' title="bbox 125 837 1275 928; baseline -0.004 -24"><span class='ocrx_word' id='word_1_33' title='bbox 125 863 177 904; x_wconf 91' lang='lat' dir='ltr'>sua</span> <span class='ocrx_word' id='word_1_34' title='bbox 200 845 351 923; x_wconf 86' lang='lat' dir='ltr'>accepisse</span> <span class='ocrx_word' id='word_1_35' title='bbox 374 841 622 928; x_wconf 83' lang='lat' dir='ltr'>liretzschmerus</span> <span class='ocrx_word' id='word_1_36' title='bbox 645 857 765 920; x_wconf 89' lang='lat' dir='ltr'>quoque</span> <span class='ocrx_word' id='word_1_37' title='bbox 787 860 817 920; x_wconf 91' lang='lat' dir='ltr'>p.</span> <span class='ocrx_word' id='word_1_38' title='bbox 841 837 883 902; x_wconf 79' lang='lat'>92</span> <span class='ocrx_word' id='word_1_39' title='bbox 906 841 1017 901; x_wconf 75' lang='lat' dir='ltr'>statuit.</span> <span class='ocrx_word' id='word_1_40' title='bbox 1067 839 1100 900; x_wconf 91' lang='lat' dir='ltr'>ld</span> <span class='ocrx_word' id='word_1_41' title='bbox 1129 858 1200 900; x_wconf 87' lang='lat' dir='ltr'>vero</span> <span class='ocrx_word' id='word_1_42' title='bbox 1224 841 1275 918; x_wconf 93' lang='lat' dir='ltr'>qui</span> 
     </span>
     <span class='ocr_line' id='line_1_6' title="bbox 124 940 1274 1026; baseline -0.004 -19"><span class='ocrx_word' id='word_1_43' title='bbox 124 945 310 1026; x_wconf 85' lang='lat' dir='ltr'>probaverit,</span> <span class='ocrx_word' id='word_1_44' title='bbox 343 947 432 1005; x_wconf 83' lang='lat' dir='ltr'>etiam</span> <span class='ocrx_word' id='word_1_45' title='bbox 459 941 532 1004; x_wconf 91' lang='lat' dir='ltr'>illud</span> <span class='ocrx_word' id='word_1_46' title='bbox 556 942 715 1026; x_wconf 73' lang='lat' dir='ltr'>concedet,</span> <span class='ocrx_word' id='word_1_47' title='bbox 744 941 889 1021; x_wconf 89' lang='lat' dir='ltr'>reliquam</span> <span class='ocrx_word' id='word_1_48' title='bbox 918 942 994 1022; x_wconf 92' lang='lat' dir='ltr'>apud</span> <span class='ocrx_word' id='word_1_49' title='bbox 1019 941 1146 1002; x_wconf 90' lang='lat' dir='ltr'>eundem</span> <span class='ocrx_word' id='word_1_50' title='bbox 1170 940 1206 1002; x_wconf 91' lang='lat' dir='ltr'>de</span> <span class='ocrx_word' id='word_1_51' title='bbox 1230 945 1274 1002; x_wconf 79' lang='grc'>111-</span> 
     </span>
     <span class='ocr_line' id='line_1_7' title="bbox 124 1040 1274 1124; baseline -0.005 -16"><span class='ocrx_word' id='word_1_52' title='bbox 124 1050 247 1109; x_wconf 81' lang='lat' dir='ltr'>laudati</span> <span class='ocrx_word' id='word_1_53' title='bbox 266 1064 312 1124; x_wconf 86' lang='lat' dir='ltr'>ge.</span> <span class='ocrx_word' id='word_1_54' title='bbox 338 1046 377 1106; x_wconf 97' lang='lat' dir='ltr'>lll</span> <span class='ocrx_word' id='word_1_55' title='bbox 399 1043 420 1107; x_wconf 84' lang='lat'>5</span> <span class='ocrx_word' id='word_1_56' title='bbox 444 1051 473 1105; x_wconf 89' lang='lat' dir='ltr'>et</span> <span class='ocrx_word' id='word_1_57' title='bbox 495 1045 532 1105; x_wconf 90' lang='lat' dir='ltr'>de</span> <span class='ocrx_word' id='word_1_58' title='bbox 554 1048 740 1121; x_wconf 80' lang='lat' dir='ltr'>squalentem</span> <span class='ocrx_word' id='word_1_59' title='bbox 755 1046 828 1104; x_wconf 81' lang='lat' dir='ltr'>Aen.</span> <span class='ocrx_word' id='word_1_60' title='bbox 852 1043 875 1104; x_wconf 89' lang='lat' dir='ltr'>X</span> <span class='ocrx_word' id='word_1_61' title='bbox 899 1040 963 1104; x_wconf 85' lang='grc'>314</span> <span class='ocrx_word' id='word_1_62' title='bbox 985 1043 1195 1104; x_wconf 87' lang='lat' dir='ltr'>vocabulorum</span> <span class='ocrx_word' id='word_1_63' title='bbox 1218 1061 1274 1103; x_wconf 93' lang='lat' dir='ltr'>usu</span> 
     </span>
     <span class='ocr_line' id='line_1_8' title="bbox 125 1144 1177 1227; baseline -0.008 -15"><span class='ocrx_word' id='word_1_64' title='bbox 125 1159 227 1212; x_wconf 89' lang='lat' dir='ltr'>eontra</span> <span class='ocrx_word' id='word_1_65' title='bbox 252 1149 416 1210; x_wconf 84' lang='lat' dir='ltr'>Cornutum</span> <span class='ocrx_word' id='word_1_66' title='bbox 439 1148 670 1227; x_wconf 90' lang='lat' dir='ltr'>disputationem</span> <span class='ocrx_word' id='word_1_67' title='bbox 694 1145 790 1206; x_wconf 90' lang='lat' dir='ltr'>eidem</span> <span class='ocrx_word' id='word_1_68' title='bbox 814 1144 913 1207; x_wconf 91' lang='lat' dir='ltr'>Probo</span> <span class='ocrx_word' id='word_1_69' title='bbox 937 1152 1041 1205; x_wconf 92' lang='lat' dir='ltr'>nostro</span> <span class='ocrx_word' id='word_1_70' title='bbox 1064 1144 1177 1206; x_wconf 87' lang='lat' dir='ltr'>deberi.</span> 
     </span>
    </p>

    <p class='ocr_par' dir='ltr' id='par_1_3' title="bbox 84 1244 1323 2025">
     <span class='ocr_line' id='line_1_9' title="bbox 211 1244 1275 1327; baseline -0.005 -15"><span class='ocrx_word' id='word_1_71' title='bbox 211 1254 335 1315; x_wconf 83' lang='lat' dir='ltr'>Altaria</span> <span class='ocrx_word' id='word_1_72' title='bbox 363 1252 459 1311; x_wconf 83' lang='lat' dir='ltr'>libant</span> <span class='ocrx_word' id='word_1_73' title='bbox 485 1251 559 1310; x_wconf 87' lang='lat' dir='ltr'>lien.</span> <span class='ocrx_word' id='word_1_74' title='bbox 589 1244 729 1309; x_wconf 84' lang='grc'>1111114</span> <span class='ocrx_word' id='word_1_75' title='bbox 757 1246 870 1327; x_wconf 85' lang='lat' dir='ltr'>duplici</span> <span class='ocrx_word' id='word_1_76' title='bbox 904 1247 993 1308; x_wconf 90' lang='lat' dir='ltr'>modo</span> <span class='ocrx_word' id='word_1_77' title='bbox 1027 1256 1078 1310; x_wconf 91' lang='lat' dir='ltr'>aut</span> <span class='ocrx_word' id='word_1_78' title='bbox 1110 1246 1275 1327; x_wconf 90' lang='lat' dir='ltr'>supplenda</span> 
     </span>
     <span class='ocr_line' id='line_1_10' title="bbox 127 1348 1273 1434; baseline -0.004 -20"><span class='ocrx_word' id='word_1_79' title='bbox 127 1353 349 1434; x_wconf 82' lang='lat' dir='ltr'>praepositione</span> <span class='ocrx_word' id='word_1_80' title='bbox 365 1355 397 1413; x_wconf 84' lang='lat' dir='ltr'>in</span> <span class='ocrx_word' id='word_1_81' title='bbox 412 1359 464 1412; x_wconf 92' lang='lat' dir='ltr'>aut</span> <span class='ocrx_word' id='word_1_82' title='bbox 479 1359 511 1411; x_wconf 92' lang='lat' dir='ltr'>ut</span> <span class='ocrx_word' id='word_1_83' title='bbox 525 1350 667 1412; x_wconf 87' lang='lat' dir='ltr'>libamina</span> <span class='ocrx_word' id='word_1_84' title='bbox 682 1348 931 1428; x_wconf 85' lang='lat' dir='ltr'>intellegerentur</span> <span class='ocrx_word' id='word_1_85' title='bbox 946 1348 1050 1410; x_wconf 89' lang='lat' dir='ltr'>altaria</span> <span class='ocrx_word' id='word_1_86' title='bbox 1067 1348 1273 1429; x_wconf 72' lang='grc'>0101101111*),</span> 
     </span>
     <span class='ocr_line' id='line_1_11' title="bbox 126 1448 1274 1532; baseline -0.003 -16"><span class='ocrx_word' id='word_1_87' title='bbox 126 1456 179 1516; x_wconf 90' lang='lat' dir='ltr'>llis</span> <span class='ocrx_word' id='word_1_88' title='bbox 201 1455 332 1516; x_wconf 89' lang='lat' dir='ltr'>adducor</span> <span class='ocrx_word' id='word_1_89' title='bbox 356 1463 387 1514; x_wconf 91' lang='lat' dir='ltr'>ut</span> <span class='ocrx_word' id='word_1_90' title='bbox 410 1454 498 1514; x_wconf 89' lang='lat' dir='ltr'>etiam</span> <span class='ocrx_word' id='word_1_91' title='bbox 520 1455 551 1514; x_wconf 93' lang='lat' dir='ltr'>in</span> <span class='ocrx_word' id='word_1_92' title='bbox 574 1451 688 1514; x_wconf 90' lang='lat' dir='ltr'>scholio</span> <span class='ocrx_word' id='word_1_93' title='bbox 712 1453 878 1512; x_wconf 88' lang='lat' dir='ltr'>Veronensi</span> <span class='ocrx_word' id='word_1_94' title='bbox 901 1451 937 1513; x_wconf 88' lang='lat' dir='ltr'>ad</span> <span class='ocrx_word' id='word_1_95' title='bbox 961 1453 1034 1512; x_wconf 82' lang='lat' dir='ltr'>den.</span> <span class='ocrx_word' id='word_1_96' title='bbox 1059 1451 1081 1511; x_wconf 91' lang='lat' dir='ltr'>V</span> <span class='ocrx_word' id='word_1_97' title='bbox 1103 1448 1145 1513; x_wconf 87' lang='grc'>93</span> <span class='ocrx_word' id='word_1_98' title='bbox 1169 1449 1207 1532; x_wconf 86' lang='lat' dir='ltr'>(p.</span> <span class='ocrx_word' id='word_1_99' title='bbox 1224 1448 1274 1521; x_wconf 82' lang='lat'>94,</span> 
     </span>
     <span class='ocr_line' id='line_1_12' title="bbox 127 1531 1277 1636; baseline -0.003 -20"><span class='ocrx_word' id='word_1_100' title='bbox 127 1554 230 1636; x_wconf 76' lang='grc'>1511.)</span> <span class='ocrx_word' id='word_1_101' title='bbox 255 1555 311 1617; x_wconf 93' lang='lat' dir='ltr'>hoc</span> <span class='ocrx_word' id='word_1_102' title='bbox 334 1554 454 1616; x_wconf 71' lang='lat' dir='ltr'>‘altaria</span> <span class='ocrx_word' id='word_1_103' title='bbox 477 1554 588 1626; x_wconf 90' lang='lat' dir='ltr'>limina,</span> <span class='ocrx_word' id='word_1_104' title='bbox 612 1563 645 1615; x_wconf 92' lang='lat' dir='ltr'>ut</span> <span class='ocrx_word' id='word_1_105' title='bbox 666 1556 838 1634; x_wconf 89' lang='lat' dir='ltr'>paterisque</span> <span class='ocrx_word' id='word_1_106' title='bbox 860 1531 970 1615; x_wconf 66' lang='lat' dir='ltr'>libant&#39;’</span> <span class='ocrx_word' id='word_1_107' title='bbox 995 1573 1020 1615; x_wconf 92' lang='lat' dir='ltr'>e.</span> <span class='ocrx_word' id='word_1_108' title='bbox 1039 1572 1065 1632; x_wconf 88' lang='lat' dir='ltr'>q.</span> <span class='ocrx_word' id='word_1_109' title='bbox 1083 1573 1106 1616; x_wconf 92' lang='lat' dir='ltr'>s.</span> <span class='ocrx_word' id='word_1_110' title='bbox 1130 1556 1277 1615; x_wconf 79' lang='lat' dir='ltr'>libamina</span> 
     </span>
     <span class='ocr_line' id='line_1_13' title="bbox 129 1655 1323 1737; baseline -0.003 -17"><span class='ocrx_word' id='word_1_111' title='bbox 129 1676 184 1737; x_wconf 92' lang='lat' dir='ltr'>pro</span> <span class='ocrx_word' id='word_1_112' title='bbox 207 1661 311 1719; x_wconf 80' lang='lat' dir='ltr'>timido</span> <span class='ocrx_word' id='word_1_113' title='bbox 333 1659 491 1735; x_wconf 82' lang='lat' dir='ltr'>corrigam,</span> <span class='ocrx_word' id='word_1_114' title='bbox 515 1656 646 1720; x_wconf 89' lang='lat' dir='ltr'>Probum</span> <span class='ocrx_word' id='word_1_115' title='bbox 670 1666 769 1729; x_wconf 86' lang='lat' dir='ltr'>autem</span> <span class='ocrx_word' id='word_1_116' title='bbox 785 1655 859 1717; x_wconf 90' lang='lat' dir='ltr'>haec</span> <span class='ocrx_word' id='word_1_117' title='bbox 874 1673 994 1737; x_wconf 84' lang='lat' dir='ltr'>quoque</span> <span class='ocrx_word' id='word_1_118' title='bbox 1018 1657 1157 1737; x_wconf 86' lang='lat' dir='ltr'>‘depasta</span> <span class='ocrx_word' id='word_1_119' title='bbox 1174 1655 1276 1717; x_wconf 88' lang='lat' dir='ltr'>altaria</span> <span class='ocrx_word' id='word_1_120' title='bbox 1321 1683 1323 1688; x_wconf 96' lang='lat'>·</span> 
     </span>
     <span class='ocr_line' id='line_1_14' title="bbox 84 1755 1277 1841; baseline -0.002 -21"><span class='ocrx_word' id='word_1_121' title='bbox 84 1757 90 1768; x_wconf 84' lang='lat'>&#39;</span> <span class='ocrx_word' id='word_1_122' title='bbox 128 1760 230 1841; x_wconf 90' lang='lat' dir='ltr'>liquit’</span> <span class='ocrx_word' id='word_1_123' title='bbox 253 1769 321 1840; x_wconf 91' lang='lat' dir='ltr'>post</span> <span class='ocrx_word' id='word_1_124' title='bbox 342 1767 463 1839; x_wconf 90' lang='lat' dir='ltr'>pateras</span> <span class='ocrx_word' id='word_1_125' title='bbox 493 1767 523 1818; x_wconf 88' lang='lat' dir='ltr'>ct</span> <span class='ocrx_word' id='word_1_126' title='bbox 549 1757 655 1838; x_wconf 87' lang='lat' dir='ltr'>pocula</span> <span class='ocrx_word' id='word_1_127' title='bbox 685 1767 714 1819; x_wconf 90' lang='lat' dir='ltr'>et</span> <span class='ocrx_word' id='word_1_128' title='bbox 741 1757 832 1839; x_wconf 91' lang='lat' dir='ltr'>dapes</span> <span class='ocrx_word' id='word_1_129' title='bbox 854 1778 879 1819; x_wconf 91' lang='grc'>1.</span> <span class='ocrx_word' id='word_1_130' title='bbox 905 1755 944 1819; x_wconf 90' lang='grc'>91</span> <span class='ocrx_word' id='word_1_131' title='bbox 968 1776 1012 1837; x_wconf 90' lang='lat' dir='ltr'>sq.</span> <span class='ocrx_word' id='word_1_132' title='bbox 1044 1765 1277 1819; x_wconf 89' lang='lat' dir='ltr'>commemorata</span> 
     </span>
     <span class='ocr_line' id='line_1_15' title="bbox 129 1857 1277 1941; baseline -0.002 -19"><span class='ocrx_word' id='word_1_133' title='bbox 129 1862 166 1923; x_wconf 91' lang='lat' dir='ltr'>de</span> <span class='ocrx_word' id='word_1_134' title='bbox 188 1864 256 1922; x_wconf 84' lang='lat' dir='ltr'>vino</span> <span class='ocrx_word' id='word_1_135' title='bbox 279 1863 423 1922; x_wconf 90' lang='lat' dir='ltr'>coniciam</span> <span class='ocrx_word' id='word_1_136' title='bbox 445 1863 675 1941; x_wconf 86' lang='lat' dir='ltr'>interpretatum</span> <span class='ocrx_word' id='word_1_137' title='bbox 699 1879 775 1922; x_wconf 91' lang='lat' dir='ltr'>esse.</span> <span class='ocrx_word' id='word_1_138' title='bbox 825 1862 863 1921; x_wconf 89' lang='lat' dir='ltr'>lit</span> <span class='ocrx_word' id='word_1_139' title='bbox 890 1859 927 1921; x_wconf 92' lang='lat' dir='ltr'>de</span> <span class='ocrx_word' id='word_1_140' title='bbox 956 1859 1010 1921; x_wconf 90' lang='lat' dir='ltr'>ecl.</span> <span class='ocrx_word' id='word_1_141' title='bbox 1035 1860 1100 1922; x_wconf 89' lang='lat' dir='ltr'>Vlll</span> <span class='ocrx_word' id='word_1_142' title='bbox 1124 1857 1185 1922; x_wconf 89' lang='lat'>105</span> <span class='ocrx_word' id='word_1_143' title='bbox 1207 1859 1277 1941; x_wconf 92' lang='lat' dir='ltr'>quid</span> 
     </span>
     <span class='ocr_line' id='line_1_16' title="bbox 131 1961 1170 2025; baseline -0.001 -1"><span class='ocrx_word' id='word_1_144' title='bbox 131 1966 267 2025; x_wconf 87' lang='lat' dir='ltr'>statuerit</span> <span class='ocrx_word' id='word_1_145' title='bbox 290 1983 325 2024; x_wconf 84' lang='lat' dir='ltr'>ex</span> <span class='ocrx_word' id='word_1_146' title='bbox 348 1963 463 2024; x_wconf 88' lang='lat' dir='ltr'>mutila</span> <span class='ocrx_word' id='word_1_147' title='bbox 478 1962 653 2024; x_wconf 88' lang='lat' dir='ltr'>scholiastae</span> <span class='ocrx_word' id='word_1_148' title='bbox 676 1965 828 2024; x_wconf 90' lang='lat' dir='ltr'>notatione</span> <span class='ocrx_word' id='word_1_149' title='bbox 852 1961 960 2024; x_wconf 85' lang='lat' dir='ltr'>elicere</span> <span class='ocrx_word' id='word_1_150' title='bbox 984 1981 1043 2023; x_wconf 92' lang='lat' dir='ltr'>non</span> <span class='ocrx_word' id='word_1_151' title='bbox 1066 1964 1170 2024; x_wconf 91' lang='lat' dir='ltr'>ausim.</span> 
     </span>
    </p>

    <p class='ocr_par' dir='ltr' id='par_1_4' title="bbox 132 2062 1277 2348">
     <span class='ocr_line' id='line_1_17' title="bbox 214 2062 1277 2146; baseline -0.001 -19"><span class='ocrx_word' id='word_1_152' title='bbox 214 2068 301 2146; x_wconf 83' lang='lat' dir='ltr'>dspri</span> <span class='ocrx_word' id='word_1_153' title='bbox 317 2065 532 2130; x_wconf 87' lang='lat' dir='ltr'>dubitationem</span> <span class='ocrx_word' id='word_1_154' title='bbox 555 2065 592 2125; x_wconf 91' lang='lat' dir='ltr'>de</span> <span class='ocrx_word' id='word_1_155' title='bbox 616 2065 778 2126; x_wconf 74' lang='lat' dir='ltr'>‘sublustri</span> <span class='ocrx_word' id='word_1_156' title='bbox 792 2065 889 2124; x_wconf 88' lang='lat' dir='ltr'>noctis</span> <span class='ocrx_word' id='word_1_157' title='bbox 904 2064 1028 2126; x_wconf 90' lang='lat' dir='ltr'>umbra’</span> <span class='ocrx_word' id='word_1_158' title='bbox 1052 2065 1132 2144; x_wconf 80' lang='lat' dir='ltr'>(Aen.</span> <span class='ocrx_word' id='word_1_159' title='bbox 1151 2062 1277 2142; x_wconf 81' lang='grc'>111313)</span> 
     </span>
     <span class='ocr_line' id='line_1_18' title="bbox 132 2163 1277 2246; baseline -0.002 -19"><span class='ocrx_word' id='word_1_160' title='bbox 132 2167 217 2227; x_wconf 82' lang='lat' dir='ltr'>solvit</span> <span class='ocrx_word' id='word_1_161' title='bbox 246 2169 399 2246; x_wconf 89' lang='lat' dir='ltr'>aptissimo</span> <span class='ocrx_word' id='word_1_162' title='bbox 422 2167 537 2228; x_wconf 88' lang='lat' dir='ltr'>Horatii</span> <span class='ocrx_word' id='word_1_163' title='bbox 566 2166 703 2246; x_wconf 84' lang='lat' dir='ltr'>exemplo</span> <span class='ocrx_word' id='word_1_164' title='bbox 733 2185 823 2227; x_wconf 90' lang='lat' dir='ltr'>carm.</span> <span class='ocrx_word' id='word_1_165' title='bbox 853 2163 1028 2236; x_wconf 69' lang='grc'>1112131</span> <span class='ocrx_word' id='word_1_166' title='bbox 1058 2165 1145 2227; x_wconf 89' lang='lat' dir='ltr'>allato</span> <span class='ocrx_word' id='word_1_167' title='bbox 1174 2165 1277 2246; x_wconf 89' lang='lat' dir='ltr'>(schol.</span> 
     </span>
     <span class='ocr_line' id='line_1_19' title="bbox 134 2267 1136 2348; baseline -0.001 -18"><span class='ocrx_word' id='word_1_168' title='bbox 134 2270 265 2346; x_wconf 83' lang='lat' dir='ltr'>Veron),</span> <span class='ocrx_word' id='word_1_169' title='bbox 290 2287 348 2348; x_wconf 93' lang='lat' dir='ltr'>quo</span> <span class='ocrx_word' id='word_1_170' title='bbox 373 2270 495 2330; x_wconf 83' lang='lat' dir='ltr'>Servius</span> <span class='ocrx_word' id='word_1_171' title='bbox 517 2285 636 2348; x_wconf 90' lang='lat' dir='ltr'>quoque</span> <span class='ocrx_word' id='word_1_172' title='bbox 658 2287 718 2328; x_wconf 96' lang='lat' dir='ltr'>non</span> <span class='ocrx_word' id='word_1_173' title='bbox 741 2270 893 2329; x_wconf 88' lang='lat' dir='ltr'>nominato</span> <span class='ocrx_word' id='word_1_174' title='bbox 915 2267 1013 2329; x_wconf 85' lang='lat' dir='ltr'>Probo</span> <span class='ocrx_word' id='word_1_175' title='bbox 1036 2269 1136 2329; x_wconf 90' lang='lat' dir='ltr'>utitur.</span> 
     </span>
    </p>

    <p class='ocr_par' dir='ltr' id='par_1_5' title="bbox 132 2369 1315 3062">
     <span class='ocr_line' id='line_1_20' title="bbox 214 2369 1277 2450; baseline -0.003 -17"><span class='ocrx_word' id='word_1_176' title='bbox 214 2371 256 2433; x_wconf 87' lang='lat' dir='ltr'>lid</span> <span class='ocrx_word' id='word_1_177' title='bbox 281 2370 445 2433; x_wconf 77' lang='lat' dir='ltr'>Aristarchi</span> <span class='ocrx_word' id='word_1_178' title='bbox 467 2369 634 2450; x_wconf 86' lang='lat' dir='ltr'>exemplum</span> <span class='ocrx_word' id='word_1_179' title='bbox 660 2370 706 2446; x_wconf 84' lang='lat' dir='ltr'>(el.</span> <span class='ocrx_word' id='word_1_180' title='bbox 731 2369 848 2430; x_wconf 89' lang='lat' dir='ltr'>Lehrsii</span> <span class='ocrx_word' id='word_1_181' title='bbox 871 2371 908 2431; x_wconf 90' lang='lat' dir='ltr'>de</span> <span class='ocrx_word' id='word_1_182' title='bbox 930 2372 1017 2432; x_wconf 80' lang='lat' dir='ltr'>Arist.</span> <span class='ocrx_word' id='word_1_183' title='bbox 1043 2369 1112 2431; x_wconf 89' lang='lat' dir='ltr'>diss.</span> <span class='ocrx_word' id='word_1_184' title='bbox 1137 2370 1176 2431; x_wconf 95' lang='lat' dir='ltr'>lll</span> <span class='ocrx_word' id='word_1_185' title='bbox 1200 2391 1225 2432; x_wconf 92' lang='grc'>0.</span> <span class='ocrx_word' id='word_1_186' title='bbox 1250 2370 1277 2450; x_wconf 93' lang='grc'>1)</span> 
     </span>
     <span class='ocr_line' id='line_1_21' title="bbox 133 2471 1278 2554; baseline -0.001 -20"><span class='ocrx_word' id='word_1_187' title='bbox 133 2475 279 2553; x_wconf 85' lang='lat' dir='ltr'>quaesivit</span> <span class='ocrx_word' id='word_1_188' title='bbox 301 2492 359 2554; x_wconf 87' lang='lat' dir='ltr'>qua</span> <span class='ocrx_word' id='word_1_189' title='bbox 381 2481 481 2534; x_wconf 89' lang='lat' dir='ltr'>mente</span> <span class='ocrx_word' id='word_1_190' title='bbox 497 2472 620 2532; x_wconf 80' lang='lat' dir='ltr'>dixisset</span> <span class='ocrx_word' id='word_1_191' title='bbox 633 2480 722 2552; x_wconf 87' lang='lat' dir='ltr'>poeta</span> <span class='ocrx_word' id='word_1_192' title='bbox 745 2473 878 2533; x_wconf 75' lang='lat' dir='ltr'>‘animos</span> <span class='ocrx_word' id='word_1_193' title='bbox 893 2471 1032 2552; x_wconf 91' lang='lat' dir='ltr'>aequabit</span> <span class='ocrx_word' id='word_1_194' title='bbox 1048 2473 1190 2551; x_wconf 79' lang='lat' dir='ltr'>Olympo&#39;</span> <span class='ocrx_word' id='word_1_195' title='bbox 1206 2477 1278 2535; x_wconf 80' lang='lat' dir='ltr'>Aen.</span> 
     </span>
     <span class='ocr_line' id='line_1_22' title="bbox 132 2573 1279 2654; baseline -0.001 -18"><span class='ocrx_word' id='word_1_196' title='bbox 132 2575 168 2636; x_wconf 88' lang='lat' dir='ltr'>Vl</span> <span class='ocrx_word' id='word_1_197' title='bbox 193 2573 269 2637; x_wconf 74' lang='lat'><strong>782:</strong></span> <span class='ocrx_word' id='word_1_198' title='bbox 296 2582 396 2637; x_wconf 90' lang='lat' dir='ltr'>utrum</span> <span class='ocrx_word' id='word_1_199' title='bbox 420 2583 452 2636; x_wconf 91' lang='lat' dir='ltr'>ut</span> <span class='ocrx_word' id='word_1_200' title='bbox 474 2574 624 2635; x_wconf 80' lang='lat' dir='ltr'>homerus</span> <span class='ocrx_word' id='word_1_201' title='bbox 646 2582 778 2635; x_wconf 89' lang='lat' dir='ltr'>montem</span> <span class='ocrx_word' id='word_1_202' title='bbox 794 2573 983 2636; x_wconf 86' lang='lat' dir='ltr'>Macedoniae</span> <span class='ocrx_word' id='word_1_203' title='bbox 1006 2593 1041 2636; x_wconf 93' lang='lat' dir='ltr'>an</span> <span class='ocrx_word' id='word_1_204' title='bbox 1065 2582 1098 2636; x_wconf 89' lang='lat' dir='ltr'>ut</span> <span class='ocrx_word' id='word_1_205' title='bbox 1120 2577 1184 2654; x_wconf 92' lang='lat' dir='ltr'>ipse</span> <span class='ocrx_word' id='word_1_206' title='bbox 1207 2576 1279 2637; x_wconf 86' lang='lat' dir='ltr'>alias</span> 
     </span>
     <span class='ocr_line' id='line_1_23' title="bbox 132 2675 1280 2758; baseline 0.001 -21"><span class='ocrx_word' id='word_1_207' title='bbox 132 2677 153 2758; x_wconf 79' lang='grc'>11</span> <span class='ocrx_word' id='word_1_208' title='bbox 175 2675 239 2738; x_wconf 83' lang='grc'>314</span> <span class='ocrx_word' id='word_1_209' title='bbox 260 2678 286 2737; x_wconf 89' lang='grc' dir='ltr'><strong>Χ</strong></span> <span class='ocrx_word' id='word_1_210' title='bbox 312 2675 339 2756; x_wconf 97' lang='grc'>1)</span> <span class='ocrx_word' id='word_1_211' title='bbox 364 2677 478 2738; x_wconf 87' lang='lat' dir='ltr'>caelum</span> <span class='ocrx_word' id='word_1_212' title='bbox 503 2675 766 2757; x_wconf 81' lang='lat' dir='ltr'>intellexisset**).</span> <span class='ocrx_word' id='word_1_213' title='bbox 817 2677 890 2738; x_wconf 88' lang='lat' dir='ltr'>Nam</span> <span class='ocrx_word' id='word_1_214' title='bbox 919 2685 1002 2738; x_wconf 86' lang='lat' dir='ltr'>certe</span> <span class='ocrx_word' id='word_1_215' title='bbox 1025 2677 1152 2740; x_wconf 90' lang='lat' dir='ltr'>multum</span> <span class='ocrx_word' id='word_1_216' title='bbox 1177 2677 1280 2739; x_wconf 91' lang='lat' dir='ltr'>aberat</span> 
     </span>
     <span class='ocr_line' id='line_1_24' title="bbox 132 2759 1278 2861; baseline 0.002 -22"><span class='ocrx_word' id='word_1_217' title='bbox 132 2778 168 2840; x_wconf 92' lang='lat' dir='ltr'>ab</span> <span class='ocrx_word' id='word_1_218' title='bbox 193 2797 297 2840; x_wconf 89' lang='lat' dir='ltr'>eornm</span> <span class='ocrx_word' id='word_1_219' title='bbox 320 2779 489 2847; x_wconf 88' lang='lat' dir='ltr'>securitate,</span> <span class='ocrx_word' id='word_1_220' title='bbox 513 2780 565 2857; x_wconf 94' lang='lat' dir='ltr'>qui</span> <span class='ocrx_word' id='word_1_221' title='bbox 588 2761 747 2856; x_wconf 88' lang='lat' dir='ltr'>utrumque</span> <span class='ocrx_word' id='word_1_222' title='bbox 769 2759 893 2859; x_wconf 89' lang='lat' dir='ltr'>perinde</span> <span class='ocrx_word' id='word_1_223' title='bbox 908 2777 1055 2840; x_wconf 87' lang='lat' dir='ltr'>haberent</span> <span class='ocrx_word' id='word_1_224' title='bbox 1077 2788 1106 2840; x_wconf 94' lang='lat' dir='ltr'>et</span> <span class='ocrx_word' id='word_1_225' title='bbox 1121 2779 1278 2861; x_wconf 82' lang='lat' dir='ltr'>Olympum</span> 
     </span>
     <span class='ocr_line' id='line_1_25' title="bbox 134 2869 1315 2962; baseline 0.001 -20"><span class='ocrx_word' id='word_1_226' title='bbox 134 2883 217 2960; x_wconf 88' lang='lat' dir='ltr'>quasi</span> <span class='ocrx_word' id='word_1_227' title='bbox 241 2869 322 2942; x_wconf 78' lang='grc' dir='ltr'><strong><em>ὅλον</em></strong></span> <span class='ocrx_word' id='word_1_228' title='bbox 345 2873 501 2960; x_wconf 79' lang='grc' dir='ltr'><strong><em>λαμπρὸν</em></strong></span> <span class='ocrx_word' id='word_1_229' title='bbox 523 2879 568 2940; x_wconf 84' lang='grc'>101</span> <span class='ocrx_word' id='word_1_230' title='bbox 597 2871 771 2960; x_wconf 76' lang='grc' dir='ltr'><em>ὁλολαμπῆ</em></span> <span class='ocrx_word' id='word_1_231' title='bbox 797 2882 990 2961; x_wconf 60' lang='lat' dir='ltr'>ineptissime,</span> <span class='ocrx_word' id='word_1_232' title='bbox 1009 2883 1280 2962; x_wconf 86' lang='lat' dir='ltr'>interpretarentur</span> <span class='ocrx_word' id='word_1_233' title='bbox 1311 2951 1315 2962; x_wconf 27' lang='grc'>1</span> 
     </span>
     <span class='ocr_line' id='line_1_26' title="bbox 133 2978 792 3062; baseline 0 -20"><span class='ocrx_word' id='word_1_234' title='bbox 133 2984 178 3062; x_wconf 87' lang='grc'>(01.</span> <span class='ocrx_word' id='word_1_235' title='bbox 204 2984 326 3044; x_wconf 88' lang='lat' dir='ltr'>Sdrvius</span> <span class='ocrx_word' id='word_1_236' title='bbox 349 2982 385 3043; x_wconf 92' lang='lat' dir='ltr'>ad</span> <span class='ocrx_word' id='word_1_237' title='bbox 408 2983 434 3043; x_wconf 97' lang='lat' dir='ltr'>ll</span> <span class='ocrx_word' id='word_1_238' title='bbox 457 2979 520 3044; x_wconf 74' lang='lat'>779</span> <span class='ocrx_word' id='word_1_239' title='bbox 543 2981 595 3042; x_wconf 96' lang='lat' dir='ltr'>llll</span> <span class='ocrx_word' id='word_1_240' title='bbox 617 2978 680 3043; x_wconf 78' lang='lat'>268</span> <span class='ocrx_word' id='word_1_241' title='bbox 703 2981 730 3043; x_wconf 90' lang='lat' dir='ltr'>X</span> <span class='ocrx_word' id='word_1_242' title='bbox 754 2982 792 3060; x_wconf 92' lang='grc'>1).</span> 
     </span>
    </p>

    <p class='ocr_par' dir='ltr' id='par_1_6' title="bbox 133 3083 1302 3469">
     <span class='ocr_line' id='line_1_27' title="bbox 217 3083 1279 3166; baseline 0.002 -20"><span class='ocrx_word' id='word_1_243' title='bbox 217 3084 437 3165; x_wconf 85' lang='lat' dir='ltr'>Philosophiam</span> <span class='ocrx_word' id='word_1_244' title='bbox 454 3086 550 3162; x_wconf 84' lang='lat' dir='ltr'>tetigit</span> <span class='ocrx_word' id='word_1_245' title='bbox 564 3083 739 3144; x_wconf 86' lang='lat' dir='ltr'>illustrando</span> <span class='ocrx_word' id='word_1_246' title='bbox 755 3085 899 3145; x_wconf 88' lang='lat' dir='ltr'>versiculo</span> <span class='ocrx_word' id='word_1_247' title='bbox 924 3089 959 3146; x_wconf 71' lang='lat' dir='ltr'>‘o</span> <span class='ocrx_word' id='word_1_248' title='bbox 973 3093 1068 3166; x_wconf 85' lang='lat' dir='ltr'>pater,</span> <span class='ocrx_word' id='word_1_249' title='bbox 1092 3087 1279 3148; x_wconf 92' lang='lat' dir='ltr'>ohominum</span> 
     </span>
     <span class='ocr_line' id='line_1_28' title="bbox 133 3185 1280 3268; baseline 0.003 -22"><span class='ocrx_word' id='word_1_250' title='bbox 133 3205 294 3264; x_wconf 80' lang='lat' dir='ltr'>rerumque</span> <span class='ocrx_word' id='word_1_251' title='bbox 317 3195 439 3248; x_wconf 88' lang='lat' dir='ltr'>aeterna</span> <span class='ocrx_word' id='word_1_252' title='bbox 459 3190 609 3266; x_wconf 89' lang='lat' dir='ltr'>potestas&#39;</span> <span class='ocrx_word' id='word_1_253' title='bbox 632 3186 757 3262; x_wconf 79' lang='lat' dir='ltr'>(henli</span> <span class='ocrx_word' id='word_1_254' title='bbox 782 3185 841 3266; x_wconf 88' lang='lat'>18),</span> <span class='ocrx_word' id='word_1_255' title='bbox 867 3205 922 3248; x_wconf 91' lang='lat' dir='ltr'>nec</span> <span class='ocrx_word' id='word_1_256' title='bbox 944 3187 1047 3248; x_wconf 89' lang='lat' dir='ltr'>dubito</span> <span class='ocrx_word' id='word_1_257' title='bbox 1070 3190 1140 3268; x_wconf 91' lang='lat' dir='ltr'>quin</span> <span class='ocrx_word' id='word_1_258' title='bbox 1163 3190 1280 3250; x_wconf 88' lang='lat' dir='ltr'>Servius</span> 
     </span>
     <span class='ocr_line' id='line_1_29' title="bbox 133 3280 1302 3368; baseline 0.003 -19"><span class='ocrx_word' id='word_1_259' title='bbox 133 3291 270 3368; x_wconf 87' lang='lat' dir='ltr'>copiosae</span> <span class='ocrx_word' id='word_1_260' title='bbox 293 3280 509 3368; x_wconf 64' lang='lat' dir='ltr'>disputationis</span> <span class='ocrx_word' id='word_1_261' title='bbox 523 3287 651 3366; x_wconf 82' lang='lat' dir='ltr'>(qualern</span> <span class='ocrx_word' id='word_1_262' title='bbox 674 3291 704 3349; x_wconf 93' lang='lat' dir='ltr'>in</span> <span class='ocrx_word' id='word_1_263' title='bbox 727 3291 792 3368; x_wconf 88' lang='lat' dir='ltr'>ipso</span> <span class='ocrx_word' id='word_1_264' title='bbox 815 3288 906 3351; x_wconf 88' lang='lat' dir='ltr'>Probi</span> <span class='ocrx_word' id='word_1_265' title='bbox 929 3294 1142 3352; x_wconf 87' lang='lat' dir='ltr'>commentario</span> <span class='ocrx_word' id='word_1_266' title='bbox 1160 3292 1200 3368; x_wconf 23' lang='lat' dir='ltr'>*ad</span> <span class='ocrx_word' id='word_1_267' title='bbox 1224 3292 1278 3352; x_wconf 90' lang='lat' dir='ltr'>ecl.</span> <span class='ocrx_word' id='word_1_268' title='bbox 1301 3365 1302 3368; x_wconf 7' lang='grc' dir='ltr'><strong>Ἴ</strong></span> 
     </span>
     <span class='ocr_line' id='line_1_30' title="bbox 133 3389 910 3469; baseline 0.004 -19"><span class='ocrx_word' id='word_1_269' title='bbox 133 3391 168 3450; x_wconf 91' lang='lat' dir='ltr'>Vl</span> <span class='ocrx_word' id='word_1_270' title='bbox 191 3389 231 3452; x_wconf 91' lang='grc'>31</span> <span class='ocrx_word' id='word_1_271' title='bbox 256 3391 391 3469; x_wconf 87' lang='lat' dir='ltr'>legimus)</span> <span class='ocrx_word' id='word_1_272' title='bbox 421 3408 566 3451; x_wconf 89' lang='lat' dir='ltr'>summam</span> <span class='ocrx_word' id='word_1_273' title='bbox 590 3398 705 3450; x_wconf 90' lang='lat' dir='ltr'>tantum</span> <span class='ocrx_word' id='word_1_274' title='bbox 728 3390 910 3453; x_wconf 86' lang='lat' dir='ltr'>delibaverit.</span> 
     </span>
    </p>
   </div>
   <div class='ocr_carea' id='block_1_3' title="bbox 94 3659 1283 4580">
    <p class='ocr_par' dir='ltr' id='par_1_7' title="bbox 94 3659 1283 3969">
     <span class='ocr_line' id='line_1_31' title="bbox 94 3659 1280 3731; baseline 0.004 -18"><span class='ocrx_word' id='word_1_275' title='bbox 94 3693 100 3704; x_wconf 87' lang='lat'><em>·</em></span> <span class='ocrx_word' id='word_1_276' title='bbox 202 3663 229 3728; x_wconf 84' lang='grc'>*)</span> <span class='ocrx_word' id='word_1_277' title='bbox 249 3663 360 3714; x_wconf 82' lang='lat' dir='ltr'>Servios</span> <span class='ocrx_word' id='word_1_278' title='bbox 384 3663 529 3713; x_wconf 82' lang='lat' dir='ltr'>Parisinus</span> <span class='ocrx_word' id='word_1_279' title='bbox 553 3659 604 3727; x_wconf 86' lang='grc'>(01.</span> <span class='ocrx_word' id='word_1_280' title='bbox 625 3661 656 3715; x_wconf 86' lang='lat' dir='ltr'>G.</span> <span class='ocrx_word' id='word_1_281' title='bbox 676 3662 758 3713; x_wconf 89' lang='lat' dir='ltr'>Thilo</span> <span class='ocrx_word' id='word_1_282' title='bbox 779 3679 847 3718; x_wconf 84' lang='lat' dir='ltr'>mus.</span> <span class='ocrx_word' id='word_1_283' title='bbox 871 3665 957 3718; x_wconf 83' lang='lat' dir='ltr'>Rhen.</span> <span class='ocrx_word' id='word_1_284' title='bbox 982 3667 1032 3717; x_wconf 87' lang='lat' dir='ltr'>XV</span> <span class='ocrx_word' id='word_1_285' title='bbox 1057 3665 1132 3731; x_wconf 72' lang='lat' dir='ltr'>llll:</span> <span class='ocrx_word' id='word_1_286' title='bbox 1159 3668 1280 3718; x_wconf 77' lang='lat' dir='ltr'>‘Probus</span> 
     </span>
     <span class='ocr_line' id='line_1_32' title="bbox 135 3746 1281 3815; baseline 0.006 -18"><span class='ocrx_word' id='word_1_287' title='bbox 135 3753 232 3799; x_wconf 82' lang='lat' dir='ltr'>altaria</span> <span class='ocrx_word' id='word_1_288' title='bbox 250 3748 322 3798; x_wconf 87' lang='lat' dir='ltr'>idem</span> <span class='ocrx_word' id='word_1_289' title='bbox 343 3746 434 3814; x_wconf 89' lang='lat' dir='ltr'>[quod]</span> <span class='ocrx_word' id='word_1_290' title='bbox 454 3750 479 3798; x_wconf 84' lang='lat' dir='ltr'>in</span> <span class='ocrx_word' id='word_1_291' title='bbox 498 3751 593 3798; x_wconf 84' lang='lat' dir='ltr'>altaria</span> <span class='ocrx_word' id='word_1_292' title='bbox 611 3747 680 3797; x_wconf 87' lang='lat' dir='ltr'>dicit</span> <span class='ocrx_word' id='word_1_293' title='bbox 699 3752 727 3797; x_wconf 86' lang='lat' dir='ltr'>at</span> <span class='ocrx_word' id='word_1_294' title='bbox 742 3752 843 3813; x_wconf 82' lang='lat' dir='ltr'>pateris</span> <span class='ocrx_word' id='word_1_295' title='bbox 860 3765 909 3815; x_wconf 88' lang='lat' dir='ltr'>pro</span> <span class='ocrx_word' id='word_1_296' title='bbox 928 3767 963 3800; x_wconf 76' lang='lat' dir='ltr'>ex</span> <span class='ocrx_word' id='word_1_297' title='bbox 978 3753 1087 3814; x_wconf 83' lang='lat' dir='ltr'>poteria.</span> <span class='ocrx_word' id='word_1_298' title='bbox 1123 3758 1171 3801; x_wconf 89' lang='lat' dir='ltr'>sut</span> <span class='ocrx_word' id='word_1_299' title='bbox 1188 3755 1281 3804; x_wconf 87' lang='lat' dir='ltr'>vinum</span> 
     </span>
     <span class='ocr_line' id='line_1_33' title="bbox 136 3833 1283 3900; baseline 0.007 -18"><span class='ocrx_word' id='word_1_300' title='bbox 136 3835 240 3883; x_wconf 84' lang='lat' dir='ltr'>altaria</span> <span class='ocrx_word' id='word_1_301' title='bbox 258 3833 457 3900; x_wconf 85' lang='lat' dir='ltr'>intelligamus.</span> <span class='ocrx_word' id='word_1_302' title='bbox 494 3847 528 3883; x_wconf 84' lang='lat' dir='ltr'>ea</span> <span class='ocrx_word' id='word_1_303' title='bbox 547 3833 632 3890; x_wconf 85' lang='lat' dir='ltr'>enim,</span> <span class='ocrx_word' id='word_1_304' title='bbox 657 3835 774 3898; x_wconf 86' lang='lat' dir='ltr'>quaein</span> <span class='ocrx_word' id='word_1_305' title='bbox 792 3834 895 3884; x_wconf 81' lang='lat' dir='ltr'>altaria</span> <span class='ocrx_word' id='word_1_306' title='bbox 915 3835 1077 3899; x_wconf 78' lang='lat' dir='ltr'>laudantur,</span> <span class='ocrx_word' id='word_1_307' title='bbox 1102 3836 1205 3888; x_wconf 85' lang='grc'>1111111</span> <span class='ocrx_word' id='word_1_308' title='bbox 1226 3839 1283 3890; x_wconf 86' lang='lat' dir='ltr'>diei</span> 
     </span>
     <span class='ocr_line' id='line_1_34' title="bbox 134 3919 246 3969; baseline 0 0"><span class='ocrx_word' id='word_1_309' title='bbox 134 3919 246 3969; x_wconf 58' lang='lat' dir='ltr'>voluit)</span> 
     </span>
    </p>

    <p class='ocr_par' dir='ltr' id='par_1_8' title="bbox 135 4001 1283 4497">
     <span class='ocr_line' id='line_1_35' title="bbox 187 4001 1282 4073; baseline 0.004 -19"><span class='ocrx_word' id='word_1_310' title='bbox 187 4003 231 4067; x_wconf 70' lang='grc'>11)</span> <span class='ocrx_word' id='word_1_311' title='bbox 251 4003 363 4055; x_wconf 81' lang='lat' dir='ltr'>Servius</span> <span class='ocrx_word' id='word_1_312' title='bbox 390 4001 439 4052; x_wconf 82' lang='lat' dir='ltr'>‘de</span> <span class='ocrx_word' id='word_1_313' title='bbox 466 4002 519 4053; x_wconf 91' lang='lat' dir='ltr'>hoc</span> <span class='ocrx_word' id='word_1_314' title='bbox 546 4007 638 4054; x_wconf 84' lang='lat' dir='ltr'>autem</span> <span class='ocrx_word' id='word_1_315' title='bbox 666 4002 726 4054; x_wconf 90' lang='lat' dir='ltr'>loco</span> <span class='ocrx_word' id='word_1_316' title='bbox 753 4009 782 4053; x_wconf 88' lang='lat' dir='ltr'>et</span> <span class='ocrx_word' id='word_1_317' title='bbox 803 4004 910 4070; x_wconf 85' lang='lat' dir='ltr'>Trogus</span> <span class='ocrx_word' id='word_1_318' title='bbox 938 4009 966 4055; x_wconf 85' lang='lat' dir='ltr'>at</span> <span class='ocrx_word' id='word_1_319' title='bbox 987 4007 1092 4057; x_wconf 88' lang='lat' dir='ltr'>Probus</span> <span class='ocrx_word' id='word_1_320' title='bbox 1120 4015 1282 4073; x_wconf 85' lang='lat' dir='ltr'>quaerunt.’</span> 
     </span>
     <span class='ocr_line' id='line_1_36' title="bbox 136 4087 1282 4158; baseline 0.007 -20"><span class='ocrx_word' id='word_1_321' title='bbox 136 4089 254 4154; x_wconf 85' lang='lat' dir='ltr'>Trogum</span> <span class='ocrx_word' id='word_1_322' title='bbox 272 4087 478 4141; x_wconf 83' lang='lat' dir='ltr'>Gutsehmidius</span> <span class='ocrx_word' id='word_1_323' title='bbox 497 4088 526 4137; x_wconf 86' lang='lat' dir='ltr'>in</span> <span class='ocrx_word' id='word_1_324' title='bbox 545 4105 608 4143; x_wconf 86' lang='lat' dir='ltr'>ann.</span> <span class='ocrx_word' id='word_1_325' title='bbox 627 4088 733 4154; x_wconf 92' lang='lat' dir='ltr'>philoll.</span> <span class='ocrx_word' id='word_1_326' title='bbox 752 4090 885 4156; x_wconf 82' lang='lat' dir='ltr'>supplem.</span> <span class='ocrx_word' id='word_1_327' title='bbox 905 4093 932 4142; x_wconf 88' lang='grc' dir='ltr'>ΙΙ</span> <span class='ocrx_word' id='word_1_328' title='bbox 950 4107 976 4158; x_wconf 92' lang='lat' dir='ltr'>p.</span> <span class='ocrx_word' id='word_1_329' title='bbox 998 4094 1046 4142; x_wconf 78' lang='lat'>192</span> <span class='ocrx_word' id='word_1_330' title='bbox 1065 4095 1183 4144; x_wconf 85' lang='lat' dir='ltr'>coniecit</span> <span class='ocrx_word' id='word_1_331' title='bbox 1202 4096 1282 4147; x_wconf 89' lang='lat' dir='ltr'>initio</span> 
     </span>
     <span class='ocr_line' id='line_1_37' title="bbox 135 4174 1281 4246; baseline 0.007 -23"><span class='ocrx_word' id='word_1_332' title='bbox 135 4174 199 4224; x_wconf 89' lang='lat' dir='ltr'>libri</span> <span class='ocrx_word' id='word_1_333' title='bbox 218 4175 364 4225; x_wconf 84' lang='lat' dir='ltr'>xxxxtu</span> <span class='ocrx_word' id='word_1_334' title='bbox 381 4174 558 4224; x_wconf 80' lang='lat' dir='ltr'>historiarum</span> <span class='ocrx_word' id='word_1_335' title='bbox 576 4175 806 4241; x_wconf 84' lang='lat' dir='ltr'>Philippicarum,</span> <span class='ocrx_word' id='word_1_336' title='bbox 826 4177 874 4228; x_wconf 89' lang='lat' dir='ltr'>ubi</span> <span class='ocrx_word' id='word_1_337' title='bbox 894 4177 927 4227; x_wconf 90' lang='lat' dir='ltr'>de</span> <span class='ocrx_word' id='word_1_338' title='bbox 946 4178 1022 4227; x_wconf 87' lang='lat' dir='ltr'>urbis</span> <span class='ocrx_word' id='word_1_339' title='bbox 1040 4178 1195 4243; x_wconf 87' lang='lat' dir='ltr'>primordiis</span> <span class='ocrx_word' id='word_1_340' title='bbox 1215 4182 1281 4246; x_wconf 82' lang='lat' dir='ltr'>egit,</span> 
     </span>
     <span class='ocr_line' id='line_1_38' title="bbox 136 4259 1283 4329; baseline 0.006 -20"><span class='ocrx_word' id='word_1_341' title='bbox 136 4260 212 4309; x_wconf 90' lang='lat' dir='ltr'>illum</span> <span class='ocrx_word' id='word_1_342' title='bbox 233 4259 360 4323; x_wconf 86' lang='lat' dir='ltr'>aequalis</span> <span class='ocrx_word' id='word_1_343' title='bbox 378 4263 478 4324; x_wconf 86' lang='lat' dir='ltr'>poetae</span> <span class='ocrx_word' id='word_1_344' title='bbox 497 4259 587 4309; x_wconf 87' lang='lat' dir='ltr'>locum</span> <span class='ocrx_word' id='word_1_345' title='bbox 605 4260 773 4311; x_wconf 80' lang='lat' dir='ltr'>laudavisse.</span> <span class='ocrx_word' id='word_1_346' title='bbox 810 4261 894 4312; x_wconf 89' lang='lat' dir='ltr'>Cuius</span> <span class='ocrx_word' id='word_1_347' title='bbox 914 4264 1003 4329; x_wconf 81' lang='lat' dir='ltr'>copiis</span> <span class='ocrx_word' id='word_1_348' title='bbox 1021 4264 1142 4314; x_wconf 82' lang='lat' dir='ltr'>sortasse</span> <span class='ocrx_word' id='word_1_349' title='bbox 1160 4281 1226 4315; x_wconf 88' lang='lat' dir='ltr'>usus</span> <span class='ocrx_word' id='word_1_350' title='bbox 1240 4270 1283 4316; x_wconf 83' lang='lat' dir='ltr'>est</span> 
     </span>
     <span class='ocr_line' id='line_1_39' title="bbox 136 4344 1283 4411; baseline 0.004 -17"><span class='ocrx_word' id='word_1_351' title='bbox 136 4345 256 4394; x_wconf 86' lang='lat' dir='ltr'>Probus:</span> <span class='ocrx_word' id='word_1_352' title='bbox 280 4361 344 4394; x_wconf 85' lang='lat' dir='ltr'>nam</span> <span class='ocrx_word' id='word_1_353' title='bbox 369 4344 517 4394; x_wconf 87' lang='lat' dir='ltr'>adhibetur</span> <span class='ocrx_word' id='word_1_354' title='bbox 538 4345 623 4411; x_wconf 82' lang='lat' dir='ltr'>Trogi</span> <span class='ocrx_word' id='word_1_355' title='bbox 647 4347 798 4396; x_wconf 72' lang='grc'>1001011111,</span> <span class='ocrx_word' id='word_1_356' title='bbox 823 4363 838 4396; x_wconf 82' lang='lat' dir='ltr'>a</span> <span class='ocrx_word' id='word_1_357' title='bbox 862 4349 958 4400; x_wconf 82' lang='lat' dir='ltr'>Servio</span> <span class='ocrx_word' id='word_1_358' title='bbox 982 4351 1066 4399; x_wconf 80' lang='lat' dir='ltr'>etism</span> <span class='ocrx_word' id='word_1_359' title='bbox 1090 4349 1125 4398; x_wconf 87' lang='lat' dir='ltr'>ad</span> <span class='ocrx_word' id='word_1_360' title='bbox 1149 4351 1216 4404; x_wconf 84' lang='lat' dir='ltr'>Aen.</span> <span class='ocrx_word' id='word_1_361' title='bbox 1241 4351 1283 4401; x_wconf 92' lang='lat' dir='ltr'>Ill</span> 
     </span>
     <span class='ocr_line' id='line_1_40' title="bbox 138 4428 963 4497; baseline 0.004 -18"><span class='ocrx_word' id='word_1_362' title='bbox 138 4431 185 4480; x_wconf 87' lang='lat'>108</span> <span class='ocrx_word' id='word_1_363' title='bbox 204 4431 305 4481; x_wconf 82' lang='lat' dir='ltr'>et1111</span> <span class='ocrx_word' id='word_1_364' title='bbox 324 4431 356 4480; x_wconf 81' lang='lat'>37</span> <span class='ocrx_word' id='word_1_365' title='bbox 376 4435 404 4479; x_wconf 85' lang='lat' dir='ltr'>et</span> <span class='ocrx_word' id='word_1_366' title='bbox 423 4446 439 4479; x_wconf 88' lang='lat' dir='ltr'>a</span> <span class='ocrx_word' id='word_1_367' title='bbox 458 4428 633 4496; x_wconf 79' lang='lat' dir='ltr'>Philargyrio</span> <span class='ocrx_word' id='word_1_368' title='bbox 652 4432 686 4481; x_wconf 84' lang='lat' dir='ltr'>ad</span> <span class='ocrx_word' id='word_1_369' title='bbox 705 4448 749 4497; x_wconf 84' lang='lat' dir='ltr'>ge.</span> <span class='ocrx_word' id='word_1_370' title='bbox 768 4434 823 4484; x_wconf 91' lang='lat' dir='ltr'>IIlI</span> <span class='ocrx_word' id='word_1_371' title='bbox 843 4436 901 4485; x_wconf 80' lang='lat'>387.</span> <span class='ocrx_word' id='word_1_372' title='bbox 961 4469 963 4482; x_wconf 89' lang='lat'>.</span> 
     </span>
    </p>

    <p class='ocr_par' dir='ltr' id='par_1_9' title="bbox 188 4517 1078 4580">
     <span class='ocr_line' id='line_1_41' title="bbox 188 4517 1078 4580; baseline 0.001 -16"><span class='ocrx_word' id='word_1_373' title='bbox 188 4531 323 4577; x_wconf 80' lang='grc'>11110011,</span> <span class='ocrx_word' id='word_1_374' title='bbox 343 4531 503 4566; x_wconf 79' lang='lat' dir='ltr'>snonsoon.</span> <span class='ocrx_word' id='word_1_375' title='bbox 1039 4517 1078 4580; x_wconf 86' lang='lat'>10</span> 
     </span>
    </p>
   </div>
   <div class='ocr_carea' id='block_1_4' title="bbox 0 0 1539 4912">
    <p class='ocr_par' dir='ltr' id='par_1_10' title="bbox 0 0 1539 4912">
     <span class='ocr_line' id='line_1_42' title="bbox 0 0 1539 4912; baseline 0 0"><span class='ocrx_word' id='word_1_376' title='bbox 0 0 1539 4912; x_wconf 95' lang='lat' dir='ltr'> </span> 
     </span>
    </p>
   </div>
  </div>
 </body>
</html>
