2962 4904
574 355 758 395 PRAEFATIO.
1186 352 1250 396 XIII

105 515 220 579 Servio
257 514 511 598 distinguebant.
598 516 714 580 1113ss
739 521 834 592 suelli
859 516 1012 602 probavit
1040 517 1189 582 Naehius
1218 519 1251 581 in

105 615 230 680 Catone
252 639 284 700 p.
308 616 380 678 283.
448 615 520 678 IIII
534 616 576 680 52
597 623 754 680 laelanlur
775 627 851 702 post
865 617 1068 701 Wagnerum
1092 641 1251 683 commen-

105 703 201 782 davit·
219 717 293 779 Em.
315 715 533 781 Hoffmannus
564 718 598 780 in
614 720 739 802 ephem.
762 739 874 804 gymn.
892 718 1006 782 Austr.
1026 719 1107 782 1865
1129 742 1161 804 p.
1176 721 1250 783 486.

167 817 261 882 V63
290 824 426 881 carmine
447 817 686 903 Peerlkampus
715 815 735 881 l.
753 816 774 880 l.
800 819 848 881 19.
914 817 962 881 VI
987 819 1025 881 16
1053 833 1135 883 serta
1161 829 1253 898 previ

104 929 220 981 tuntum
244 926 277 981 ct
301 919 338 981 17
367 930 396 982 el
415 914 526 998 procel
547 926 654 981 ullrr'lu
682 916 769 981 idem
798 941 829 1002 p.
851 917 903 981 20.
990 919 1032 980 24
1060 928 1136 983 oleri
1163 920 1250 984 idern

103 1040 134 1103 p.
159 1018 211 1081 21.
234 1019 308 1082 369.
395 1018 433 1082 Ιο
456 1017 588 1102 eclogae
609 1017 659 1082 VI
681 1041 779 1082 versu
802 1020 842 1082 57
865 1040 930 1082 000
952 1019 1067 1084 tacebo
1090 1020 1176 1106 quod
1200 1020 1248 1084 lit-

103 1119 183 1183 teris
206 1118 414 1183 amicissimis
431 1118 622 1184 Theodorus
638 1119 785 1204 Heysius
805 1118 915 1183 docuit
928 1117 1113 1184 Mediceum
1128 1119 1248 1186 librum

103 1243 189 1283 nunc
211 1218 348 1282 ultimae
370 1220 460 1284 vocis
483 1226 595 1284 nostris
610 1219 680 1283 sola
696 1218 781 1283 NOS
805 1219 963 1283 clementa
986 1221 1151 1302 exhibere,
1175 1243 1250 1284 cnm

105 1331 215 1384 cetera
231 1321 437 1384 evanuerint.
475 1319 543 1382 Nec
565 1329 674 1383 tamen
696 1319 803 1382 minus
826 1329 950 1384 certum
972 1319 1053 1385 illud
1074 1320 1250 1406 quodcum

103 1423 219 1485 ceteris
242 1419 411 1484 codicibus
434 1419 584 1484 omnibus
608 1419 744 1484 Servius
767 1442 893 1506 quoque
909 1418 998 1505 legit,
1022 1444 1081 1486 nec
1096 1423 1249 1507 probabi-

101 1521 142 1584 lis
155 1522 299 1606 suspicio
311 1520 476 1584 Ferrucoii
493 1518 710 1585 bibliothecae
721 1519 960 1585 Laurentianne
971 1521 1138 1607 praefecti,
1155 1545 1249 1608 quem

101 1622 246 1709 Heysius
270 1632 382 1686 narrat
404 1622 438 1684 in
460 1629 571 1685 nostris
593 1621 756 1686 offendere
773 1630 804 1684 ct
819 1630 924 1686 nestris
938 1622 1047 1708 potius
1064 1633 1248 1707 expectare,

101 1723 248 1806 Vergilio
279 1731 387 1786 autem
415 1729 508 1786 nostis
535 1722 665 1784 restitui
692 1720 815 1785 iubere.
866 1722 963 1803 Quod
991 1733 1023 1788 et
1052 1721 1168 1786 durum
1199 1733 1249 1787 est

100 1835 133 1888 01
161 1825 312 1888 otiosum.
357 1823 519 1887 Claudere
553 1821 655 1884 saltus
685 1821 845 1906 nymphas
881 1823 973 1888 iubet
999 1823 1177 1909 Pasiphae,
1212 1833 1249 1887 ut

99 1925 219 1989 bovem
242 1924 329 1988 intra
351 1923 455 1987 silvae
477 1923 558 1986 fines
582 1921 743 1985 inclusum
761 1921 834 2007 ipsa
849 1923 1078 2006 investigando
1095 1934 1244 1988 venetur:

100 2047 178 2108 ergo
202 2031 313 2088 nostris
340 2024 462 2109 optime
485 2045 518 2087 se
542 2023 652 2087 habet.
741 2022 791 2086 VI
813 2023 854 2086 83
878 2017 942 2086 del.
970 2025 1066 2087 ‘item
1089 2023 1151 2086 MP
1174 2046 1248 2087 cum

100 2125 221 2190 Isidori
238 2123 330 2189 libris
346 2122 406 2187 eol.
422 2122 509 2186 VIII
527 2123 586 2185 13.’
654 2121 719 2186 VII
741 2122 1003 2186 MELIBOIIVS
1027 2123 1244 2188 CORYDON

101 2223 295 2289 THYRSIS
313 2229 402 2287 lllPh.
461 2221 545 2286 VIII
561 2223 602 2284 22
619 2221 771 2287 Nellos
788 2229 861 2286 Por.
919 2223 960 2286 28
976 2222 1129 2288 TIhlIDI
1150 2231 1245 2305 Vyne.

167 2327 209 2390 74
230 2324 274 2388 01.
290 2322 452 2388 Dietsohii
469 2321 566 2387 theol.
581 2323 679 2407 Verg.
697 2323 717 2386 2
732 2323 807 2387 adn.
825 2323 853 2386 9.
928 2322 977 2386 IX
993 2324 1031 2386 51
1050 2324 1137 2409 quod
1154 2323 1246 2390 dubi-

102 2435 212 2490 tanter
238 2425 393 2510 proposui
418 2429 502 2501 fero,
532 2435 616 2488 eelas
649 2423 803 2509 probavit
824 2422 1060 2509 Peerlkampus
1083 2423 1104 2489 l.
1129 2425 1149 2489 l.
1172 2427 1245 2490 370.

165 2528 224 2591 Ge.
247 2525 320 2589 116
343 2529 437 2606 Lycei
456 2530 492 2589 bc
515 2523 699 2588 Charisius:
729 2525 772 2587 01.
797 2524 960 2589 Christius
984 2526 1018 2587 in
1040 2527 1161 2590 nuntiis
1186 2526 1245 2591 litt.

100 2626 248 2710 Gotting.
275 2626 355 2691 1859
377 2649 409 2711 p.
425 2625 499 2689 228.
586 2625 650 2689 365
672 2631 835 2704 inpellente
850 2624 1015 2706 Pari-has„
1039 2626 1245 2711 000108000-

99 2727 185 2791 lerus
215 2725 332 2790 Philol.
359 2724 450 2789 XXI
479 2727 538 2790 158
571 2725 645 2789 coll.
676 2728 780 2790 Arato
810 2738 845 2789 et
872 2725 996 2790 Seneca
1024 2749 1056 2789 n.
1085 2750 1116 2812 q.
1146 2729 1164 2792 Ι
1196 2729 1245 2791 14.

162 2827 225 2892 383
240 2848 376 2906 quaeque
390 2827 577 2910 Wagnerus
594 2825 680 2891 lectt.
695 2825 794 2910 Verg.
811 2827 883 2891 387.
954 2833 1102 2892 montibus
1124 2826 1244 2893 Isidori
1306 2905 1309 2912 ι

99 2928 195 2994 codd.
282 2927 318 2991 II
339 2929 379 2992 61
408 2929 451 2991 01.
475 2927 622 2992 Naekius
652 2927 764 2990 00100.
793 2949 825 3012 p.
849 2929 921 2991 317.
1007 2928 1071 2992 204
1093 2936 1246 2992 imitamur

99 3030 206 3095 Servii
228 3029 319 3114 Lips.
344 3029 461 3112 Regin.
552 3028 616 3092 225
638 3027 680 3091 01.
705 3026 853 3091 Naekius
878 3030 992 3092 00100.
1016 3029 1089 3091 321.
1181 3029 1245 3093 453

100 3129 255 3195 ALVEO
283 3135 312 3192 B
343 3140 380 3194 01
407 3130 488 3193 Aen.
518 3128 571 3191 IX
601 3129 659 3192 152
691 3128 788 3192 idem.
887 3129 951 3192 520
978 3128 1188 3193 ARBUSTA
1215 3135 1245 3193 B

99 3235 179 3316 (non
205 3233 258 3315 P).
352 3230 405 3294 III
427 3231 469 3294 60
494 3228 687 3294 LUOINAM
715 3234 750 3292 M
770 3235 849 3310 (non
872 3231 926 3313 e).
1018 3229 1079 3292 237
1109 3231 1244 3294 Comma

99 3342 173 3416 post
195 3337 241 3396 uli
261 3329 324 3396 del.
347 3329 520 3396 Bosslerus
542 3328 659 3395 Philol.
682 3330 769 3394 XXI
793 3330 853 3394 159
875 3352 924 3416 sq.
989 3329 1118 3394 111120
1139 3329 1242 3410 ATQ·

99 3439 226 3518 P(non
250 3435 303 3516 F).
388 3432 527 3496 44-75
550 3433 629 3518 (000
651 3432 706 3515 57)
730 3453 791 3496 om.
814 3453 841 3495 c.
931 3431 991 3494 125
1013 3437 1081 3494 allis
1103 3452 1140 3494 00
1161 3431 1243 3516 (non

100 3536 192 3612 1310
216 3554 279 3619 quo
302 3555 342 3596 ne
372 3543 463 3598 extat
493 3531 625 3619 quidam
658 3531 712 3595 hio
742 3533 883 3616 versus).
992 3530 1055 3594 259
1083 3529 1242 3596 FAMAE

100 3640 138 3699 M
159 3637 240 3718 (non
263 3634 316 3718 R).
404 3635 468 3697 370
495 3634 538 3699 01.
568 3631 716 3696 Naekius
747 3632 863 3697 Calon.
890 3655 921 3717 p.
946 3632 1019 3696 283.
1105 3631 1168 3695 544
1196 3639 1241 3695 in-

99 3742 223 3800 duxerit
250 3741 268 3798 b
296 3757 338 3798 ex
365 3759 397 3800 v.
419 3735 493 3799 552.
584 3734 667 3798 Αο0.
691 3732 709 3795 Ι
732 3731 773 3818 [2]
807 3740 943 3796 carmina
971 3732 1096 3797 Donati
1124 3731 1239 3816 Regin.

98 3845 232 3902 rumine
253 3835 351 3900 Bern.
438 3835 479 3899 69
501 3842 583 3900 venti
601 3835 766 3898 Usenerus
787 3856 861 3898 000.
882 3832 1006 3918 philoll.
1025 3833 1105 3897 1865
1120 3855 1151 3917 p.
1167 3833 1240 3897 227.

99 3937 170 4022 Ego
193 3936 377 4001 ablativum
399 3936 597 4022 interpretor
618 3941 713 4002 uenlls
734 3946 770 4000 ut
792 3958 825 3998 v.
847 3935 887 3998 66
910 3945 1010 4012 ventu,
1040 3933 1172 4018 vimque
1194 3934 1240 3996 in-

99 4040 164 4103 cuti
179 4038 345 4124 puppibus
361 4035 526 4120 intellego.
602 4036 660 4099 109
683 4035 725 4098 cf.
742 4035 928 4119 Wagnerus
944 4033 1033 4098 lectt.
1049 4034 1149 4118 Verg.
1166 4034 1239 4098 387.

99 4139 160 4202 222
178 4144 350 4218 sortemque
373 4144 407 4202 G.
429 4141 456 4213 s.
482 4141 656 4201 Cloanthum
680 4157 721 4200 ex
743 4160 775 4199 v.
799 4134 861 4198 612
883 4135 1080 4221 interpolata
1102 4134 1241 4200 coniecit

100 4239 221 4304 Rauius
252 4240 293 4303 de
322 4239 472 4302 versibus
501 4238 619 4323 spuriis
647 4238 681 4299 in
709 4236 792 4301 libro
816 4237 843 4300 Ι.
867 4239 949 4300 Αο0.
1036 4235 1099 4298 268
1121 4235 1240 4300 Paren-

100 4339 204 4408 thesin
230 4339 424 4423 Lessingius
457 4360 583 4424 quoque
607 4337 674 4420 XI,
701 4339 715 4399 1
739 4361 770 4424 p.
794 4337 958 4403 54410ve
986 4345 1018 4401 et
1039 4335 1168 4400 Venere
1191 4335 1239 4402 in·
