2970 4896
535 353 781 396 eeonsaounun
1029 394 1036 404 ,
1165 331 1229 396 363

172 525 274 584 Restat
296 529 328 582 ut
351 519 408 582 eos¹
424 521 506 583 locos
529 519 758 599 perlustrenaus,
793 522 842 599 qui
870 521 1003 600 corrupti
1032 523 1062 580 in
1092 519 1229 581 omnihus
1258 559 1262 569 ·

88 625 173 686 lihris
201 626 311 684 nostris
339 641 394 683 nec
422 624 612 701 antiquorum
647 624 766 682 testium
801 640 865 702 ope,
900 621 951 682 setl
976 630 1076 682 nostra
1099 622 1228 683 hlinerva

89 725 267 786 emendandi
289 731 367 784 sunt.
418 722 480 784 Ecl.
504 723 543 783 lll
568 719 628 784 110
655 731 709 784 out
730 731 838 785 metuet
860 726 958 784 dadcis
981 731 1034 784 aut
1057 725 1228 800 Byrrhaena,

89 830 222 906 Servius
243 843 319 904 quae
347 828 419 886 hau
446 828 650 910 1111111111,
679 827 769 886 hant
796 825 931 886 scribens
954 827 1079 885 correxi.
1168 823 1227 885 Eoi.

90 929 123 989 Vl
146 925 188 990 80
209 928 327 989 Silenus
350 945 488 988 narrasse
511 927 614 996 lertu'r,
638 925 800 987 Philomela
914 953 916 959 s

320 1049 376 1107 quo
392 1048 476 1089 cursu
491 1031 599 1088 deserta
615 1033 752 1106 petiverit,
775 1039 802 1088 el
818 1031 918 1106 quihus
933 1038 999 1087 ante

319 1117 413 1174 infelix
429 1133 478 1174 sua
494 1125 564 1172 tecta
580 1133 665 1191 super
680 1117 831 1172 volitaverit
846 1116 906 1173 alie.

90 1234 144 1296 Ubi
169 1236 316 1294 ‘cursum’
340 1233 519 1310 interpretes
538 1230 717 1309 ¹intellegunt
739 1232 867 1292 volatum
890 1231 1033 1292 lusciniae
1056 1252 1124 1312 quo,
1148 1243 1229 1294 ante·

89 1355 175 1415 quam
198 1335 337 1394 silvarum
361 1332 477 1394 deserta
501 1334 651 1412 petiverit,
681 1351 771 1411 supra
799 1351 854 1428 sua
882 1341 957 1394 tecta
981 1343 1081 1412 vagata
1104 1333 1229 1394 dicatur.

88 1440 123 1499 at
146 1455 251 1516 parum
275 1435 310 1495 ad
339 1454 402 1495 rem
434 1441 534 1514 aptum
557 1433 750 1495 Philomelam
780 1437 865 1512 quasi
893 1435 1041 1496 detentam
1070 1454 1171 1497 amore
1202 1443 1232 1496 et

89 1538 237 1599 desiderio
260 1555 348 1615 aegre
372 1555 436 1598 eam
459 1536 579 1597 domum
601 1537 768 1617 reliquisse,
791 1537 842 1598 uhi
864 1537 1066 1615 indignissima
1082 1551 1166 1617 passa
1183 1539 1229 1597 sit.

89 1641 149 1700 Nec
170 1637 362 1707 Philomelae,
387 1638 439 1698 sed
456 1638 544 1698 Terei
566 1641 690 1717 proprie
714 1646 789 1700 tecta
812 1646 905 1707 erant,
930 1648 960 1699 et
983 1641 1068 1700 huius
1090 1643 1231 1700 ‘mutatos

87 1744 187 1802 artus’
210 1760 277 1800 cum
303 1759 328 1798 v.
346 1736 386 1801 78
410 1741 577 1800 narravisse
600 1741 714 1801 leretur
730 1740 858 1808 Silenus,
882 1743 976 1819 ipsius
999 1741 1125 1803 volatum
1149 1761 1228 1801 com·

88 1843 248 1904 memorari
272 1849 472 1920 expectamus.
524 1841 601 1918 Ergo
631 1841 700 1901 num
724 1840 917 1902 Philomelam
941 1842 1056 1903 (leserta
1081 1849 1229 1920 petentem

88 1946 280 2024 persequitur
303 1941 404 2003 infelix
427 1948 510 2022 pater
534 1943 562 2001 11
585 1960 667 2002 arem
696 1949 837 2002 mutatur.
889 1941 951 2003 Hac
978 1952 1076 2004 autem
1105 1944 1231 2004 admissa

89 2048 203 2107 ratione
226 2063 350 2124 prorsus
378 2052 459 2104 caret
486 2061 576 2104 sensu
609 2050 694 2117 ante,
732 2053 834 2104 crrntra
870 2045 945 2105 hene
977 2045 1074 2105 subita
1108 2046 1231 2106 mutatio

89 2146 183 2208 oculis
204 2147 382 2226 proponitur
411 2163 446 2206 eo
469 2145 548 2222 quod
571 2147 633 2205 alte
654 2163 707 2204 sua
736 2153 812 2220 tecta
836 2164 925 2226 super
948 2145 1070 2207 volitare
1093 2154 1232 2207 narratur

89 2249 219 2310 Tereus:
255 2249 293 2307 cl'.
318 2250 389 2308 Aen.
414 2247 451 2307 Xl
475 2244 546 2309 751.
603 2246 644 2306 lle
678 2248 808 2308 contusis
837 2247 860 2308 N
890 2255 919 2308 et
946 2247 968 2307 L
1003 2248 1110 2308 litteris
1143 2266 1231 2324 snpra

89 2351 157 2410 diri.
249 2349 289 2409 [le
313 2347 434 2425 eclogae
458 2348 519 2408 Vlll
541 2344 583 2408 49
605 2347 655 2408 uhi
678 2356 716 2408 al
737 2350 843 2428 scripsi
865 2367 920 2428 pro
942 2367 983 2410 an
1005 2349 1148 2409 librorum
1174 2351 1236 2410 MP

88 2453 192 2530 palem
214 2451 361 2528 scriptura
385 2448 478 2509 laetor
495 2467 541 2510 me
565 2466 643 2509 nunc
660 2449 805 2510 Ladevico
828 2469 946 2530 quoque
968 2452 1161 2530 persuasisse.
1207 2451 1231 2511 N

89 2639 144 2699 pro
166 2620 190 2680 T
212 2620 321 2697 scripta
344 2620 374 2679 in
399 2619 434 2679 M
454 2628 500 2680 est
522 2621 610 2679 etiam
632 2638 677 2697 ge.
702 2616 838 2681 1111278
861 2618 903 2701 ct]
927 2552 986 2682 uit.

174 2757 342 2829 Georpieon
364 2754 377 2813 l
401 2749 461 2814 142
484 2753 520 2813 ab
541 2754 649 2815 Ottone
671 2753 812 2816 Hanouio
829 2756 1016 2817 emendatum
1040 2775 1130 2835 supra
1145 2775 1175 2835 p.
1191 2753 1233 2818 54

90 2855 213 2918 laudavi.
300 2855 344 2916 111
367 2856 584 2917 restituendum
608 2857 633 2916 ll
655 2854 718 2919 302
733 2856 865 2917 hierliceo
888 2865 970 2918 recte
994 2877 1064 2919 usus
1087 2866 1133 2918 est
1144 2858 1232 2934 Wag-

90 2975 189 3018 nerus.
278 2957 451 3018 Necessaria
475 2956 618 3036 Scaligeri
648 2958 829 3026 emendatio,
858 2978 915 3037 qua
945 2954 1067 3019 111402
1095 2977 1231 3035 expor-

89 3069 177 3120 tans
208 3060 278 3118 iecit
309 3077 343 3118 er
374 3077 409 3118 eo
438 3059 515 3135 quocl
543 3061 573 3119 in
598 3060 802 3136 MPRt’yoco
831 3066 860 3119 et
882 3059 959 3136 apud
983 3067 1074 3120 testes
1097 3062 1233 3139 antiquos

89 3161 238 3221 invenitur
259 3168 434 3235 exportant.
522 3160 633 3220 Reislrii
657 3161 859 3220 coniecturam
882 3161 995 3237 periooi
1018 3160 1070 3221 llll
1092 3157 1134 3221 62
1155 3170 1232 3221 tus·

88 3279 149 3323 sos
173 3259 318 3320 eliciendo
342 3279 376 3319 ex
400 3265 494 3321 iussos
510 3260 679 3338 corruptela
697 3261 832 3321 codicum
849 3263 1033 3339 MPyahcatr:
1056 3281 1231 3341 quamquam

90 3363 260 3430 Ladevicus
274 3369 303 3421 et
325 3360 495 3439 languidum
519 3370 548 3421 et
564 3365 686 3423 metrica
709 3372 814 3441 poetae
837 3365 930 3423 nostri
954 3371 1017 3423 arte
1040 3382 1145 3442 parum
1169 3364 1232 3440 dig·

91 3483 160 3524 num
184 3465 281 3524 iussus
303 3462 465 3540 periclitari
487 3463 598 3525 maluit.
684 3463 822 3524 Eiusdem
845 3463 915 3524 libri
939 3483 962 3523 v.
990 3461 1050 3525 129
1073 3465 1232 3526 Salmasius

90 3565 216 3627 lelieiter
244 3565 373 3624 restituit
402 3565 549 3639 Cereri,
586 3565 663 3644 quod
693 3583 779 3642 quiam
809 3565 903 3626 insilis
930 3566 1083 3646 archetypi
1112 3567 1232 3627 librario

91 3667 183 3727 villeri
205 3665 335 3745 potuerit
352 3668 473 3741 pecori,
506 3674 540 3725 ut
564 3668 732 3744 neptreco
760 3685 825 3727 cum
850 3667 945 3728 Nonio
974 3675 1002 3726 et
1025 3667 1127 3728 Servio
1151 3668 1231 3728 exhi-

91 3768 176 3836 bent,
205 3769 261 3827 iam
291 3784 326 3826 ex
349 3764 447 3826 tabula
472 3774 572 3828 nostra
596 3786 685 3845 supra
715 3769 877 3846 composita
905 3768 979 3828 disci
1000 3776 1107 3846 potest.
1159 3770 1231 3829 Nam

90 3885 193 3930 eornm
217 3885 356 3947 perversa
380 3867 536 3946 explicatio
559 3876 611 3938 ost,
636 3871 686 3946 qui
702 3869 775 3929 haec
798 3873 872 3928 ‘nec
895 3865 999 3929 fertilis
1019 3868 1067 3930 illa
1083 3871 1232 3930 invencis’

91 3971 127 4030 oe
155 3968 309 4030 sterilitate
339 3987 478 4046 agrorum
507 3971 614 4031 frustra
644 3968 739 4030 hohus
771 3977 936 4038 aratorum,
971 3973 1125 4050 sequentia
1159 3975 1232 4031 ‘nec

90 4072 191 4152 pecori
214 4076 381 4149 opportuna
398 4073 501 4148 seges’
526 4071 562 4131 de
578 4073 695 4150 pascuis
710 4071 842 4149 intellegi
860 4070 969 4141 volunt,
994 4090 1053 4133 non
1070 4075 1232 4134 sentientes

91 4190 177 4250 quam
202 4174 301 4250 inepta
324 4173 401 4232 intra
425 4173 557 4232 eiusdem
581 4172 718 4234 versiculi
741 4173 815 4233 lines
835 4177 967 4249 pecoris,
998 4176 1095 4234 ovium
1120 4173 1232 4234 scilicet.

91 4272 342 4352 capellarurnque‚
367 4281 395 4332 et
418 4275 538 4334 Bacchi
559 4275 706 4353 oppositio
730 4275 776 4334 sit.
829 4273 919 4335 Multo
944 4283 973 4335 et
995 4275 1030 4335 ad
1055 4275 1230 4335 sententiam

92 4377 188 4453 aptius
212 4381 241 4433 et
264 4376 395 4434 sermoni
418 4359 643 4435 convenientius
666 4377 760 4454 prima
783 4374 831 4435 illa
862 4376 896 4434 ad
921 4375 1079 4436 herbarum
1103 4376 1231 4454 inopiam
