2956 4906
239 347 299 411 182
684 365 929 408 rnonruounuu.

235 536 425 604 auctoritate,
459 535 500 594 ita
527 552 581 595 suo
609 536 743 600 invento,
772 532 851 611 quod
882 534 1003 593 minime
1033 531 1387 613 postremorum

237 635 335 698 verbis
357 634 517 716 probatur,
541 653 557 695 e
580 634 668 716 Styge
692 643 775 696 natas
797 634 897 695 docuit
919 635 1078 716 Harpyias,
1110 653 1169 714 quo
1192 653 1246 696 cur
1269 655 1293 694 v.
1317 632 1385 696 242

234 736 466 800 invulnerabiles
489 735 626 797 dicautur
648 735 818 815 explicaret.
860 735 970 798 Eadem
996 736 1151 797 recondita
1174 735 1300 796 venandi
1315 735 1384 797 libi·

236 840 305 901 dine
327 838 471 900 adductus
494 838 698 916 turpissimum
722 835 855 898 Sallustii
877 839 907 897 in
924 837 1098 898 Ciceronem
1121 845 1150 898 ct
1164 836 1289 898 Tulliam
1313 857 1385 899 con·

236 941 342 1002 vicium
367 940 497 1022 (Cassius
511 939 566 1000 111ο
581 938 668 1000 XLVI
686 935 725 999 18
759 937 890 1000 Sallustii
913 938 1037 1000 declam.
1061 941 1090 999 in
1114 937 1173 1000 Cic.
1197 935 1218 998 2
1252 941 1384 1001 311113-

236 1059 362 1103 manuus
385 1041 420 1100 Vl
443 1060 472 1122 p.
493 1035 557 1102 416
576 1040 643 1102 adn.
661 1037 712 1116 63)
735 1043 766 1100 iu
782 1037 895 1101 V1623
917 1057 1034 1101 versum
1059 1041 1129 1102 satis
1151 1038 1240 1101 illum
1262 1043 1385 1118 tragicis

236 1143 345 1205 sabulis
371 1143 548 1204 illustratum
577 1140 689 1202 intulit:
724 1157 902 1222 quamquam
934 1146 1038 1203 vetitos
1071 1142 1250 1222 hymenaeos
1278 1143 1383 1203 Servio

237 1227 344 1307 melius
367 1253 396 1305 et
418 1244 586 1306 verecundo
608 1250 695 1324 poeta
712 1243 829 1321 dignius
851 1246 973 1305 ‘natura
997 1251 1025 1303 et
1047 1242 1162 1321 legibus
1186 1245 1306 1304 vetitos'
1332 1263 1383 1304 ex·

242 1346 369 1426 plicavit
415 1347 456 1408 Ac
478 1363 585 1406 vereor
606 1353 640 1407 ut
661 1344 777 1406 ielicior
798 1345 889 1405 luerit
910 1363 977 1405 cum
1001 1343 1036 1404 ad
1052 1345 1124 1422 Aen.
1142 1344 1178 1404 Vl
1192 1340 1257 1406 230
1271 1344 1383 1414 docuit,

238 1457 368 1529 poetam,
391 1466 430 1508 nc
452 1450 619 1528 principem
642 1445 755 1506 scilicet
776 1444 860 1507 lauro
884 1445 1018 1508 natalicia
1042 1449 1105 1507 eius
1120 1445 1229 1507 arbore
1245 1447 1280 1506 ad
1297 1449 1385 1508 triste

237 1550 353 1610 lunaris
386 1568 496 1611 munus
528 1546 660 1608 adhibita
693 1547 871 1617 offenderet,
906 1548 1003 1610 lelicis
1037 1551 1136 1610 olivae
1167 1548 1265 1626 potius
1298 1567 1384 1609 ramo

236 1651 359 1713 lustrari
380 1652 461 1712 riros
483 1650 597 1710 iecisse.
1297 1673 1299 1676 ·

320 1785 386 1847 Non
409 1785 463 1847 soli
486 1783 673 1846 difficultates
696 1786 785 1845 movit
807 1787 920 1844 Aurora
945 1802 1021 1864 quae
1043 1787 1116 1844 nen,
1139 1784 1175 1843 Vl
1198 1781 1270 1855 535,
1299 1789 1385 1865 quasi

237 1877 462 1966 λενκόπτερος
479 1872 601 1966 ‘Alpion
617 1885 727 1967 (Eurip.
744 1885 851 1948 Troad.
870 1881 942 1963 848)
966 1886 1013 1954 sit,
1037 1886 1302 1965 roseis-quadrigis
1325 1889 1384 1948 iam

237 1990 366 2051 medium
390 1988 523 2050 aetherio
546 2007 635 2049 cursu
656 1989 807 2049 traiecisse
835 2006 920 2049 axem
949 1986 1071 2048 dicitur:
1101 1997 1130 2048 et
1157 1987 1231 2048 haec
1262 1989 1381 2067 quidem

235 2091 307 2151 vidit
329 2097 464 2170 spectare
498 2089 533 2150 ad
565 2089 694 2150 medium
723 2087 801 2148 diem
830 2097 992 2168 peractum,
1013 2075 1102 2167 'quod
1131 2087 1175 2148 vel
1204 2087 1333 2169 Sibyllae
1356 2109 1383 2151 v.

234 2188 298 2254 539
323 2190 419 2252 verbis
442 2191 517 2250 ‘nox
548 2192 624 2251 ruit’
652 2169 809 2269 probatur,
838 2197 871 2249 ut
894 2187 970 2249 Solis
998 2191 1091 2268 patris
1119 2190 1293 2268 quadrigam
1323 2209 1384 2252 non

236 2313 323 2355 mane
346 2299 470 2360 tantum,
495 2292 547 2352 sed
571 2299 664 2352 totum
688 2309 742 2370 per
764 2291 842 2351 diem
858 2291 1082 2369 praecurrendo
1097 2293 1233 2352 comitari
1248 2293 1378 2370 putanda

237 2398 282 2457 sit
335 2393 415 2456 llaec
443 2401 525 2454 certe
547 2394 624 2454 ratio
653 2393 754 2453 sanior
776 2409 863 2469 quam
886 2409 945 2469 qua
973 2392 1050 2471 apud
1073 2391 1256 2454 Macrobium
1280 2393 1341 2454 Sat.
1366 2394 1378 2455 1

236 2494 267 2565 3,
293 2493 331 2556 11
355 2495 480 2558 Caecina
502 2492 625 2554 Albinus
648 2492 807 2571 Vergilium
831 2493 992 2568 defendere
1015 2503 1137 2556 conatus
1161 2501 1214 2556 est.

320 2629 457 2691 Absurde
480 2628 613 2706 quidem,
641 2627 693 2689 sed
722 2635 821 2689 tamen
850 2628 947 2708 aliqua
977 2627 1154 2690 eruditionis
1182 2628 1287 2692 umbra
1315 2649 1385 2710 per·

238 2731 346 2792 ductus
372 2732 438 2810 ipso
466 2729 534 2790 libri
558 2729 607 2790 Vll
636 2731 718 2791 initio
747 2737 851 2807 poetae
881 2728 969 2790 verba
999 2732 1151 2809 pervertit.
1203 2731 1275 2793 Nam
1305 2731 1385 2808 quod

235 2832 311 2893 haec
332 2836 380 2893 ‘tu
402 2849 521 2911 quoquo
543 2830 693 2892 littoribus
714 2834 833 2907 nostris,
862 2833 973 2892 Aeneia
996 2832 1106 2901 nutrix,
1138 2839 1291 2894 aeternam
1316 2851 1380 2893 uro·

235 2935 317 2995 h'cns
339 2933 456 3004 lamam,
481 2934 589 3002 Caieta,
613 2933 740 2993 dcdisti'
764 2934 804 2993 ita
826 2934 1040 3012 interpretatus
1063 2941 1117 3002 est,
1142 2941 1174 2994 ut
1196 2943 1301 2996 nostra
1323 2954 1384 2996 non

236 3033 334 3095 ltalica
368 3033 469 3104 litora,
504 3033 555 3094 sed
593 3035 642 3094 ‘in
671 3035 924 3112 comparationem
952 3034 1062 3095 Oceani
1097 3034 1291 3112 navigabilia'
1326 3035 1386 3098 dici

235 3143 393 3206 statueret,
426 3135 541 3196 videtur
565 3133 601 3194 de
625 3142 723 3215 etymo
745 3134 795 3195 illo
818 3135 954 3196 nominis
970 3136 1088 3198 Caietae
1111 3137 1273 3214 cogitasse,
1302 3139 1386 3198 cauus

235 3236 343 3299 Strabo
367 3239 389 3296 V
416 3255 445 3316 p.
468 3232 530 3297 233
558 3238 739 3296 memoriam
769 3236 839 3296 lecit
867 3238 897 3296 in
926 3237 972 3298 bis
1004 3228 1076 3295 ‘nol
1104 3229 1165 3298 τόν
1193 3228 1317 3317 μεταξὺ
1348 3231 1385 3299 δὲ

235 3334 364 3398 κόλπον
379 3330 502 3398 ἐκεῐνοι
517 3331 707 3396 Καιάταν
727 3326 923 3416 ὠνόμασαν·
947 3325 992 3397 τὰ
1014 3325 1089 3417 γὰρ
1113 3338 1231 3399 κοῖλα
1253 3330 1385 3399 πάντα

234 3433 399 3510 anticas
420 3434 460 3498 ot
480 3427 672 3508 Λάκωνες
693 3428 1110 3516 προσαγορεύουσιν·
1133 3437 1219 3500 ἔνιοι
1241 3428 1273 3500 d’
1297 3434 1386 3502 ἐπιό-

235 3558 347 3618 νυμον
378 3538 437 3618 τῆς
464 3536 606 3598 Αἰνείου
632 3536 765 3618 τροφοῦ
795 3527 855 3598 τὸν
883 3531 1012 3600 κόλπον
1039 3539 1126 3619 φασί
1147 3587 1155 3600 .
1209 3541 1289 3620 Ergo
1317 3545 1384 3621 quia

190 3651 194 3657 '
240 3645 323 3703 sinus
346 3658 450 3701 omnes
465 3640 599 3700 Lacones
620 3636 751 3711 καιέτας
770 3639 966 3720 appellabant,
992 3642 1151 3721 Vergilium
1168 3661 1286 3723 quoque
1301 3643 1385 3703 ‘lito-

236 3740 318 3802 ribus
340 3741 465 3802 nostrr's’
488 3743 642 3819 scripsisse
669 3741 724 3802 sibi
746 3743 910 3821 persuasit,
933 3754 966 3804 ut
988 3745 1116 3804 sinuosis
1139 3753 1169 3804 et
1190 3743 1386 3825 hospitalibus

172 3889 174 3892 .
237 3843 326 3902 maris
347 3841 485 3902 litoribus
507 3841 635 3902 Caietam
658 3861 770 3904 nomeu
794 3843 913 3904 dedisse
935 3843 1030 3906 doctis
1054 3843 1166 3905 scilicet
1186 3847 1333 3906 innueret

322 3976 396 4037 ltem
419 3975 505 4038 docta
529 3976 655 4054 quadam
678 3977 715 4038 de
737 3978 850 4039 Roreae
872 3981 951 4039 venti
974 3989 1043 4040 ortu
1071 3981 1172 4040 notitia
1203 3980 1251 4058 (ol.
1275 3979 1384 4041 Strabo

235 4073 313 4138 122
334 4097 363 4156 p.
387 4073 425 4137 61
451 4075 507 4158 sq.)
539 4078 714 4140 stultissime
741 4077 850 4141 abusus
880 4088 938 4149 est,
966 4090 1000 4142 ut
1022 4083 1092 4143 Aen.
1123 4080 1174 4141 Xll
1201 4079 1264 4143 366
1293 4081 1384 4143 altum

239 4181 391 4253 aleonoram
419 4187 552 4240 montem
581 4198 645 4241 esse
678 4181 888 4251 contenderet,
933 4181 1050 4262 qualem
1084 4200 1144 4242 non
1172 4184 1240 4242 novi
1269 4185 1326 4243 nisi
1352 4185 1384 4245 in

236 4281 324 4342 Creta
358 4280 454 4341 insula
490 4280 624 4362 (Hesiod.
664 4281 762 4360 theog.
796 4279 880 4362 484).
936 4284 995 4345 Sed
1034 4283 1243 4363 geographicis
1280 4283 1386 4346 studiis

239 4393 343 4468 captus
374 4381 438 4443 aliis
468 4398 587 4463 quoque
616 4382 755 4445 Aeneidis
782 4382 856 4443 locis
879 4386 935 4448 vim
958 4383 1065 4446 intulit.
1117 4384 1190 4454 Nam
1214 4383 1251 4443 de
1274 4383 1386 4466 Gangis
