3038 4912
236 339 299 406 142
685 361 928 408 ruoouuosueus.

233 531 306 592 cbro
338 533 442 593 Miseni
476 551 585 611 corpus
618 531 729 612 stupra
762 549 788 592 v.-
827 527 886 593 152
922 538 1135 610 praeceperat,
1178 531 1257 611 quod
1295 539 1377 612 post-

236 651 324 712 quam
346 635 458 712 ingenti
481 653 572 714 pyrae
597 630 669 713 (214
691 633 767 714 sqq.)
789 615 951 714 inpositum
974 639 1005 693 et
1033 639 1197 694 crematum
1226 640 1286 705 est,
1314 636 1377 696 ‘iu-

233 738 316 814 genti
338 735 416 797 mole
439 734 649 816 sepulchrum'
672 738 786 797 Aeneas
809 755 834 795 v.
858 731 922 797 232
951 733 1066 797 favillae
1088 736 1248 816 ‘inponit’.
1298 737 1378 816 Ergo

234 846 263 900 et
284 857 375 919 pyrae
398 845 428 899 et
449 838 610 918 sepulchro
634 839 771 899 materies
793 837 980 916 congerenda
996 846 1070 909 erat,
1092 836 1145 898 sed
1162 846 1302 900 neutrum
1317 841 1375 900 iam

232 958 259 1002 v.
285 937 345 1002 178
369 940 498 1002 educere
520 940 644 1020 putandi
667 947 736 1002 sunt
758 941 841 1009 socii,
865 940 916 1001 sed
940 939 1099 1000 caedendis
1114 940 1284 1004 scindendis
1305 961 1376 1022 por·

234 1042 330 1105 landis
359 1041 519 1104 arboribus
548 1049 663 1104 certare
691 1049 724 1103 ut
752 1040 920 1120 colligatur,
954 1042 1033 1103 uude
1065 1059 1157 1122 rogus
1189 1044 1320 1123 primum
1347 1052 1377 1106 et

184 1220 186 1226 Α
234 1143 342 1205 deinde
364 1162 441 1223 quae
463 1143 622 1222 sepulcbro
645 1145 682 1205 sit
704 1162 754 1205 ara
777 1143 812 1204 ad
834 1143 948 1205 eaelum
978 1146 1120 1222 erigatur.
1172 1145 1231 1206 Sed
1263 1153 1377 1207 veteres

150 1257 153 1266 '
234 1254 484 1308 commentatores
499 1245 582 1308 dubii
597 1245 772 1315 haeserunt,
795 1253 895 1308 utrum
911 1247 948 1307 de
969 1264 1042 1325 rogo
1064 1265 1101 1306 an
1117 1246 1154 1308 de
1176 1247 1338 1326 sepulchro
1361 1267 1376 1308 a
1406 1291 1413 1300 .

234 1347 363 1427 Vergilio
394 1357 534 1429 usurpata
568 1355 646 1410 esset
676 1366 750 1417 era,
785 1365 911 1427 cumque
945 1356 1013 1409 ante
1046 1346 1233 1410 combustum
1268 1368 1377 1429 corpus

241 1449 439 1532 sepulchrum
464 1448 563 1513 extrui
585 1467 711 1528 prorsus
732 1449 898 1512 inauditum
922 1458 1015 1520 esset,
1040 1449 1187 1512 difficilior
1210 1453 1297 1512 etiam
1321 1470 1379 1511 aro

239 1554 393 1631 sepulchri
403 1572 491 1634 quam
503 1559 642 1630 congesta
654 1555 813 1630 sepulchro
825 1571 875 1612 ara
886 1552 978 1613 videri
991 1562 1115 1630 poteret.
1132 1553 1233 1633 ltaque
1244 1553 1374 1615 Probum

235 1656 400 1735 putaverim
422 1654 480 1716 boc
506 1655 714 1735 proposuisse,
743 1653 796 1714 sed
825 1660 858 1714 ut
885 1654 922 1714 dc
949 1672 1018 1716 arae
1047 1655 1261 1733 significatione
1289 1658 1376 1717 etiam

233 1759 400 1819 accuratius
422 1756 635 1834 requirendum
659 1764 805 1818 censeret.
856 1760 892 1818 dt
919 1758 970 1834 qui
998 1764 1066 1818 ante
1089 1757 1183 1819 editos
1206 1759 1271 1819 eius
1294 1777 1375 1819 com-

233 1860 395 1920 mentarios
415 1857 576 1938 Vergilium
598 1859 703 1920 imitati
726 1867 796 1920 suut
819 1865 923 1938 poetae
945 1857 1035 1920 Silius
1057 1858 1175 1920 italicus
1198 1867 1227 1919 et
1243 1858 1377 1922 Valerius

233 1960 357 2023 Flaccus
394 1979 517 2023 suorum
554 1959 765 2039 exemplarium
802 1960 889 2021 iidem
930 1963 1014 2039 sequi
1052 1979 1113 2023 nou
1155 1959 1372 2023 dubitaverunt.
1409 1974 1413 1982 ’

232 2063 370 2136 Quorum
400 2063 450 2124 ille
482 2081 605 2143 prorsus
639 2062 743 2124 similia
771 2060 845 2123 haec
873 2062 923 2123 XV
950 2057 1083 2141 38111.γ
1109 2081 1197 2125 ausus
1227 2071 1273 2124 est
1301 2063 1376 2124 ‘alta

232 2165 363 2244 sepulcri
385 2166 521 2245 protinus
549 2167 696 2227 extruitur
724 2164 866 2242 caeloque
894 2163 1031 2226 educitur
1059 2169 1142 2234 ara’,
1175 2164 1281 2243 quibus
1311 2167 1376 2245 ipse

235 2285 327 2345 rogus
350 2267 544 2338 describitur,
572 2267 621 2328 bic
644 2275 741 2328 autem
764 2266 914 2346 aliquanto
936 2266 1114 2346 prudentius
1141 2268 1172 2327 ui
1194 2266 1280 2328 lallor
1302 2266 1376 2328 baec

234 2369 257 2428 V
283 2367 456 2450 adponere
480 2371 551 2432 satis
580 2369 696 2430 habuit:
725 2368 852 2429 ‘robora
883 2367 1012 2429 caedunt
1037 2386 1107 2446 pars
1135 2367 1214 2429 silvis
1243 2375 1375 2448 portant·

235 2490 293 2552 que
315 2474 411 2532 arae’.
456 2472 594 2533 Ceterum
617 2471 654 2531 cl.
679 2471 701 2531 l.
725 2471 839 2531 Grimm
862 2488 965 2549 opusc.
990 2466 1109 2532 11233.

316 2575 522 2651 Interpolalos
543 2591 647 2634 versus
668 2573 820 2653 Berytium
835 2570 1040 2632 Aristarchum
1062 2573 1210 2634 nutavisse
1233 2574 1289 2634 etsi
1311 2575 1374 2636 veri

234 2675 340 2746 simile,
364 2684 465 2738 tamen
488 2677 655 2738 testimonio
678 2674 812 2736 firmatur
834 2673 925 2734 nullo.
960 2673 991 2735 ld
1014 2679 1113 2735 tamen
1136 2674 1253 2737 duobus
1276 2694 1375 2738 exem·

236 2778 294 2862 plis
316 2786 431 2840 certum
461 2786 520 2848 est,
555 2795 624 2838 eum
649 2778 857 2851 adnotavere,
891 2776 943 2856 qui
970 2795 1073 2838 versus
1101 2777 1147 2838 vel
1174 2779 1256 2840 salvo
1284 2797 1375 2840 seusu

233 2887 356 2961 possent
378 2882 472 2942 omitti
494 2879 540 2941 vel
562 2879 635 2941 adeo
658 2878 815 2965 melius-et
842 2878 1019 2959 prudentius
1047 2881 1181 2941 futurum
1210 2881 1315 2941 luisset
1348 2880 1374 2941 si

232 2967 443 3043 omitterentur
465 3001 481 3050 1
503 2989 599 3062 poeta.
651 2982 723 3044 Nam
751 2979 897 3048 intellexit
924 2983 1111 3061 praesagium
1134 2985 1205 3044 deu.
1230 2979 1304 3043 121
1329 2999 1373 3061 sq.

233 3087 290 3146 iam
314 3084 558 3146 antecedentibus
576 3081 615 3145 19
630 3103 675 3164 sq.
699 3084 846 3145 contineri
853 3083 892 3161 *1,
916 3090 946 3143 et
961 3082 1067 3144 laetam
1082 3086 1226 3164 puppium
1242 3103 1260 3145 a
1274 3085 1372 3145 nautis

234 3196 443 3250 coronatarum
466 3188 625 3266 imaginem
653 3205 688 3248 ex
710 3204 756 3266 ge.
780 3181 879 3248 1304
904 3187 1061 3265 repetitam
1090 3187 1188 3246 minus
1216 3186 1372 3247 commode

231 3290 261 3350 in
292 3291 369 3351 tristi
398 3288 521 3350 Didonis
553 3283 961 3367 1111111111111.1111418)
994 3288 1086 3347 inseri
1095 3287 1161 3367 ³⁸³²),
1196 3306 1372 3368 quaumuam

234 3394 338 3470 augeri
360 3391 551 3454 acerbitatem
573 3393 637 3471 ipso
659 3390 710 3452 illo
733 3389 877 3451 versiculo
900 3388 949 3450 alii
972 3397 1140 3450 senserunt.
1187 3390 1233 3467 lie
1260 3389 1374 3452 relictis

233 3494 264 3554 in
286 3494 345 3555 bne
366 3495 461 3574 quinti
483 3493 551 3555 libri
573 3493 690 3556 duobus
712 3491 857 3562 versibus,
887 3510 961 3571 quos
983 3491 1013 3551 iu
1037 3492 1113 3553 sexti
1134 3493 1219 3554 initio
1242 3493 1371 3556 Tuccam

233 3603 263 3656 et
285 3595 404 3657 Varium
426 3598 562 3678 posuisse
585 3595 705 3656 Servius
727 3601 837 3665 narrat,
862 3593 1042 3673 supradixi.

317 3700 415 3760 orista
437 3706 594 3780 praeterea
617 3695 778 3758 exercebat
792 3698 994 3774 vituperando
1008 3703 1106 3776 poeta.
1137 3696 1225 3786 Quo
1217 3715 1248 3758 m
1263 3713 1374 3776 genere

235 3800 370 3880 inprimis
381 3799 583 3862 memorabilis
598 3800 755 3880 disputatio
771 3807 825 3870 est,
842 3816 899 3877 qua
914 3797 991 3877 apud
1008 3798 1134 3861 Gellium
1148 3779 1189 3860 'tx
1205 3795 1234 3869 9,
1253 3795 1292 3859 12
1307 3816 1371 3879 sqq

235 3902 462 3965 Homericorum
478 3921 618 3964 versuum
634 3901 671 3963 de
687 3902 830 3964 Nausicaa
847 3899 864 3974 ζ
886 3897 947 3961 102
961 3919 1025 3980 sqq
1051 3908 1232 3964 venustatem
1249 3901 1372 3964 demon-

232 4073 338 4082 0·—·--.-.--
348 4077 391 4082 -.-

300 4173 509 4248 ¹')Servius:‘
508 4177 536 4224 m
549 4173 637 4225 Probo
652 4170 783 4239 adpuncti
801 4177 878 4223 sunt:
898 4176 927 4224 et
945 4173 1138 4235 adnotandum,
1157 4171 1185 4223 bi
1203 4171 1255 4226 duo
1274 4173 1298 4225 11
1316 4174 1374 4226 exi

234 4265 352 4324 1111111111,
371 4260 551 4313 nihilominus
568 4237 666 4310 sedsus
684 4260 793 4325 integer
812 4259 889 4310 erit’

272 4342 330 4409 **)
349 4345 542 4398 8111111111,
560 4344 616 4394 llll
634 4345 698 4394 418:
717 4341 839 4393 Probus
857 4358 924 4394 11111
944 4343 984 4394 sic
1003 4344 1163 4396 adnotavit:
1181 4346 1204 4395 11
1222 4345 1294 4396 boue
1312 4359 1371 4398 ver-

232 4443 291 4482 sum
310 4432 458 4495 omitteret,
476 4429 576 4482 melius
595 4429 735 4482 iecissei.’
