3038 4912
565 352 815 396 rnousooumvrt.
1203 329 1264 393 125

113 506 335 596 ψυχοπομπὸς
356 521 469 598 positus
491 522 546 590 sit,
577 521 642 580 vide
666 540 702 582 au
721 520 762 594 ad
784 522 878 600 ipsam
902 517 1062 598 Phrynicbi
1090 519 1191 598 potius
1213 518 1262 580 lll-

114 619 208 679 eestiu
232 628 377 700 spectent.
426 619 916 701 (61116666616611.111116.)
1283 701 1284 706 ¹

199 721 257 782 Sed
273 723 423 785 Cornutus
445 734 549 786 noster
571 725 649 804 quod
665 724 869 804 brevissimam
891 723 974 784 aurei
991 723 1067 784 rami
1081 724 1263 784 mentionem

116 823 146 882 in
169 821 538 896 11166666161166616611,
568 826 717 906 putandus
745 825 794 888 est'
817 824 963 886 61161666
986 824 1023 886 de
1045 823 1102 886 hoc
1124 825 1264 903 ligmento

113 924 198 1002 plura
214 925 400 998 disseruisse,
424 936 457 990 ut
470 935 506 990 ex
522 928 611 991 huius
627 929 752 989 tortasse
768 927 990 989 commentariis
1005 927 1128 988 crimina
1144 934 1262 1006 sumpta

115 1028 183 1096 sint,
208 1047 285 1108 quae
309 1032 402 1107 tangit
424 1031 545 1092 Servius
568 1032 603 1092 66
626 1027 698 1092 Aen.
722 1031 760 1092 lll
783 1027 839 1091 46:
864 1035 953 1090 ‘sane
975 1037 1096 1110 putatur
1118 1047 1177 1090 non
1201 1030 1271 1088 veri

114 1128 210 1190 simile
234 1131 339 1192 iaculis
362 1135 504 1194 coniectis
527 1152 654 1212 puerum
683 1134 814 1194 occisum
840 1179 846 1192 .
872 1179 879 1192 .
904 1179 910 1192 .
937 1177 943 1192 .
967 1129 1161 1211 vituperabile
1184 1131 1262 1191 enim

114 1241 158 1291 est
179 1242 298 1311 poetam
322 1233 431 1314 aliquid
454 1237 579 1314 lingere,
603 1235 681 1316 quod
705 1235 824 1315 penitus
847 1255 862 1296 a
886 1235 1007 1295 veritate
1030 1231 1171 1294 ‹liscedat
1211 1232 1262 1292 de·

115 1335 205 1411 nique
229 1333 355 1398 obicitur
370 1336 492 1416 Virgilio
516 1337 552 1398 do
576 1339 739 1398 mutatione
761 1338 877 1397 navium
900 1337 930 1398 in
953 1334 1107 1417 nymphas,
1133 1342 1161 1395 et
1184 1333 1262 1412 qnod

30 1441 34 1458 '
115 1435 187 1495 dicit
208 1455 263 1516 per
285 1455 409 1500 aureum
431 1457 547 1501 romum
570 1439 605 1500 ad
629 1441 742 1502 inleros
758 1459 824 1500 esse
841 1439 1031 1507 descensum;
1057 1438 1186 1506 tertium,
1210 1455 1266 1498 our·

115 1536 170 1598 iris
193 1538 301 1599 Didoni
325 1559 441 1602 comam
465 1543 602 1604 scorrerit.
655 1542 707 1602 sed
735 1542 793 1603 hoo
822 1550 966 1622 purgatur
988 1540 1139 1619 Euripidis
1163 1558 1262 1600 exem·

114 1637 173 1718 plo,
198 1643 249 1720 qui
272 1640 309 1702 de
331 1641 480 1705 Alcestide
502 1644 560 1705 hoc
583 1642 670 1714 dixit,
695 1663 762 1705 cum
786 1644 900 1705 subiret
917 1643 1014 1704 latum
1038 1642 1163 1703 mariti'
1210 1641 1263 1716 (Cl.

115 1741 194 1802 idem
218 1743 254 1802 ad
278 1745 315 1804 Vl
340 1742 461 1807 1361x
484 1743 534 1807 19.
558 1743 619 1824 82.)
656 1747 757 1824 ltaque
781 1747 879 1807 miuus
903 1743 1094 1806 verisimilia
1118 1745 1263 1822 6666116-

115 1845 193 1905 xisse
214 1844 365 1907 videretur
388 1846 535 1925 Vergilius
557 1847 712 1926 collegisse
742 1855 772 1909 et
794 1849 1007 1909 examinavisse
1029 1847 1168 1926 suspicor
1191 1847 1262 1907 Cor-

116 1953 230 2017 nutum,
255 1955 287 2008 61
308 1967 363 2028 par
385 1956 450 2010 erat
473 1951 599 2010 stoicum
620 1951 652 2009 in
674 1946 832 2034 ἱστορικῷ
854 1951 974 2018 versari,
999 1948 1075 2027 quod
1100 1948 1262 2010 secundum

116 2045 241 2109 Cratetis
263 2049 451 2129 disciplinam
473 2053 552 2113 inter
576 2053 632 2112 tria
656 2053 753 2113 critici
775 2070 897 2112 munera
925 2052 1055 2131 primum
1085 2058 1158 2111 erat.
1210 2050 1262 2129 (Cl.

116 2149 195 2210 Sext.
216 2150 300 2232 Emp.
324 2152 388 2214 adv.
420 2153 511 2214 math.
541 2153 553 2214 l
582 2149 645 2214 252
671 2170 715 2231 sq.
753 2151 948 2215 Wachsmuih
979 2153 1016 2213 de
1047 2151 1164 2214 Cratete
1190 2150 1262 2216 Mal:
1293 2215 1299 2238 ,

61 2317 63 2320 ,
115 2250 173 2312 1616
199 2249 258 2333 10.)
552 2259 553 2264 ’

200 2355 255 2427 Qui
278 2358 399 2418 omnino
422 2357 608 2438 vituperandi
631 2366 661 2418 et
682 2358 836 2420 cavillandi
865 2365 984 2439 poetam
1012 2358 1082 2419 satis
1113 2355 1262 2417 studiosus

26 2453 27 2456 ’
115 2463 187 2516 erat.
232 2456 368 2529 abiecta,
393 2460 529 2531 sordida,
553 2461 695 2522 indecora
719 2479 786 2522 eum
809 2443 995 2540 congessisse
1018 2467 1048 2520 et
1076 2458 1262 2520 ambitiosius

114 2575 201 2634 quam
224 2559 400 2639 prudentius
423 2561 601 2626 diiudicasse
622 2565 694 2625 satis
716 2561 809 2626 multa
833 2562 942 2624 docent
970 2561 1103 2641 exempla
1112 2580 1124 2623 :·
1149 2562 1262 2641 vitupe-

112 2663 189 2722 ravit
222 2681 257 2722 66
287 2666 408 2725 nomine
435 2682 561 2727 vexasse
589 2665 642 2727 ecl.
668 2662 783 2734 1176,
813 2666 965 2726 inlaudati
989 2681 1035 2742 ge.
1059 2661 1157 2734 1116,
1186 2681 1262 2726 aare

52 2782 53 2785 ¹
115 2767 300 2840 squalentem
321 2769 394 2827 Aen.
417 2765 444 2827 X
465 2763 543 2837 314,
575 2785 651 2848 quae
673 2767 805 2829 Probum
819 2765 997 2829 defendisse
1020 2765 1183 2827 videbimus
1213 2765 1259 2842 (ol.

112 2865 187 2926 Gell.
211 2865 281 2927 116
304 2874 334 2928 et
356 2867 477 2929 Servius
499 2867 536 2928 ad
559 2868 640 2931 locos
663 2868 723 2948 11.);
748 2869 922 2932 indecenter
946 2868 1123 2938 columbam,
1147 2886 1261 2930 sacram

112 2957 200 3031 matri
221 2987 292 3030 suae
307 2987 399 3041 avem,
416 2972 535 3032 Aenean
551 2973 666 3051 sagittis
681 2971 826 3051 figendam
842 2972 1025 3033 constituere
1041 2971 1133 3032 sensit
1156 2969 1259 3049 (schol.

113 3070 219 3132 Veron.
251 3075 323 3134 166.
355 3069 463 3134 11488
496 3073 563 3135 6611.
593 3074 696 3135 Servio
730 3073 766 3134 66
796 3093 822 3134 v.
858 3071 930 3152 617)
970 3073 1093 3134 Homeri
1125 3069 1261 3150 exemplo

114 3171 263 3249 neglecto;
293 3175 439 3252 quaesivit
460 3194 531 3236 num
560 3175 701 3238 indecore
723 3174 958 3236 Achaemenides
991 3178 1108 3235 ‘comes
1131 3171 1258 3234 infelicis
1362 3221 1365 3227 a

115 3272 207 3334 Vlixi'
240 3275 277 3336 ab
304 3275 509 3338 6661616666
538 3276 654 3340 dicatur
677 3277 780 3356 (schol.
804 3277 912 3338 Veron.
936 3269 1154 3338 1166111691
1190 3274 1257 3352 coll,

112 3375 214 3438 Servio
239 3377 275 3439 ad
298 3376 360 3440 613
378 3385 407 3440 ct
422 3375 494 3450 691,
518 3382 568 3460 qui
584 3381 707 3443 Cornuti
730 3381 965 3441 criminationem
989 3386 1019 3440 et
1041 3379 1258 3440 excusationem

114 3479 204 3559 aspri
226 3480 386 3559 conllavit).
438 3481 539 3563 ltaque
566 3491 649 3544 recte
671 3481 866 3544 lluhnlrenius
894 3481 973 3562 apud
995 3481 1142 3543 lloenium
1165 3481 1259 3560 prael.

112 3581 148 3642 ad
173 3583 265 3662 Greg.
289 3583 357 3644 Cor.
380 3604 410 3664 p.
434 3584 499 3644 Vlll
521 3584 598 3664 apud
616 3585 751 3647 Servium
774 3583 810 3646 ad
825 3586 897 3646 Aen.
921 3580 1031 3645 11641
1055 3583 1188 3644 ‘dixerat
1210 3580 1260 3644 ille

112 3683 225 3765 aliquid
248 3689 407 3765 magnum’
432 3686 461 3745 in
485 3686 547 3747 bis:
578 3688 755 3748 ‘Corinthus
778 3695 810 3747 ut
832 3685 985 3748 sordidum
1007 3685 1164 3766 inprobat'
1188 3687 1259 3747 Cor·

113 3791 181 3848 nuti
201 3805 313 3849 nomen
337 3789 465 3849 restituit
488 3787 683 3868 probavitque
698 3789 800 3850 lalrnio
816 3788 948 3868 prolegg.
966 3787 1001 3850 ad
1018 3788 1099 3849 Pers.
1115 3806 1145 3868 p.
1158 3786 1258 3857 XVlll,

114 3889 293 3952 undc'nora
318 3889 453 3971 exemplo
477 3890 619 3951 discimus
634 3891 815 3952 Graecorum
838 3899 991 3952 auctorum
1014 3909 1070 3952 usu
1094 3909 1153 3951 non
1176 3888 1260 3950 valde

110 3991 202 4053 luisse
222 3991 371 4053 imbutum
395 3992 489 4054 videri
511 3995 755 4072 grammaticum,
785 3995 837 4071 qui
859 3991 1055 4072 proverbialis
1078 3993 1258 4053 Graecorum

111 4092 268 4157 locutionis
290 4082 335 4174 μὴ
358 4081 430 4173 μέγ’
458 4096 553 4176 εἴπῃς
575 4096 652 4175 apud
675 4095 813 4157 Servium
837 4093 972 4157 laudatae
996 4095 1043 4173 (de
1066 4112 1123 4175 qua
1146 4093 1257 4154 6116-

7 4265 18 4286 ,
111 4193 205 4258 166111
229 4197 264 4259 66
289 4196 450 4278 866611.
474 4193 538 4258 386
561 4199 671 4277 copias)
694 4199 786 4259 luerit
807 4199 974 4259 immemor.

194 4299 333 4362 Ceterum
363 4317 423 4360 666
447 4307 571 4370 constat,
595 4299 668 4360 baec
689 4300 719 4360 in
743 4301 963 4361 commentariis
975 4297 1121 4361 Aeneidos
1143 4305 1256 4359 motum

111 4397 227 4478 prolata
256 4419 331 4463 osse.
385 4401 480 4463 Etiam
509 4403 540 4463 in
569 4400 714 4472 librorum
743 4421 816 4482 quos
846 4405 884 4463 de
908 4403 1016 4478 fipuris
1043 4403 1257 4462 sententiamve
