2956 4906
566 349 810 394 enonnaeunnn.
1191 330 1253 396 185

111 519 311 580 illustraverit.
361 517 530 598 Exonrplari
559 519 714 579 sanctioris
743 520 893 580 vetustatis
920 537 1007 580 usum
1032 538 1090 580 non
1113 519 1252 589 aldiraan

112 641 168 682 nee
190 620 307 682 laudata
330 620 427 682 obiter
453 623 484 681 in
513 621 726 682 commentario
748 621 928 682 Terentiano
957 620 1046 682 verba
1069 620 1190 698 Vergilii
1218 640 1254 681 ex

112 723 307 801 integerrimo
329 722 411 784 lente
425 721 530 784 hausta
554 741 621 783 esse
637 741 801 784 consensus
824 741 890 784 cum
913 720 1113 784 (interioribus
1136 729 1254 783 nostro-

112 843 178 885 rum
201 822 337 886 codicum
360 827 517 904 scripturis
540 822 674 903 exempla
696 823 770 885 haec
792 827 944 886 evincunt:

155 961 222 1004 curn
244 961 284 1020 pc
320 961 364 1022 ge.
389 933 503 1004 11472
526 961 685 1021 paruoque
706 961 762 1021 pro
783 947 953 1020 enipuoquc
1040 944 1043 950 ’

182 1076 195 1088 ·
249 1065 268 1125 χ
311 1047 382 1122 Aen.
406 1045 445 1106 lll
467 1042 506 1106 61
528 1048 664 1122 linquere
685 1064 741 1124 pro
764 1047 861 1121 linqui

252 1179 264 1191 ·
336 1181 348 1192 -
403 1146 455 1208 llll
476 1143 540 1208 534
561 1147 619 1208 beu
641 1149 716 1223 quid
736 1163 826 1222 opum
850 1165 905 1226 pro
926 1164 963 1206 eu
986 1150 1060 1223 quid
1081 1164 1140 1222 opo
1156 1147 1202 1220 (el.
1216 1145 1253 1226 m)

255 1280 266 1292 ·
339 1281 351 1293 ·
407 1247 443 1310 Vl
476 1245 536 1310 351
562 1250 662 1308 omnio
683 1266 738 1326 pro
760 1264 872 1325 aspero
960 1325 966 1340 ·

337 1383 349 1396 ·
419 1381 431 1393 ·
475 1343 539 1410 664
560 1351 638 1411 alios
661 1368 715 1428 pro
738 1352 855 1425 aliquos
878 1349 924 1427 (cl.
948 1347 988 1426 F)

183 1483 194 1495 ·
246 1454 324 1530 Mp2
366 1455 437 1512 Aen.
462 1449 512 1511 llll
534 1448 575 1512 47
605 1453 712 1528 incipit
734 1469 788 1530 pro
811 1453 917 1511 institit

200 1569 261 1630 Alia
288 1571 318 1630 in
343 1568 451 1646 quibus
475 1569 558 1630 solus
582 1571 744 1648 genuinum
769 1575 881 1629 textum
904 1569 1038 1629 desernit
1053 1569 1097 1629 vel
1114 1572 1256 1631 memoria

113 1665 282 1750 lapsus'vel
305 1673 403 1750 pravis
426 1673 605 1732 coniecturis
627 1671 839 1748 obtemperans
862 1669 933 1750 ¹(nisi
962 1671 1039 1730 lorte
1070 1671 1185 1732 librarii
1207 1671 1256 1731 hic

111 1770 173 1833 illie
189 1773 294 1834 Donati
317 1774 410 1851 magis
433 1789 520 1850 quam
544 1773 608 1850 ipse
631 1771 769 1851 culpandi
785 1775 863 1850 sunt)
886 1773 962 1832 inira
991 1774 1144 1852 composui
1167 1771 1254 1832 haec:

156 1907 191 1968 ad
215 1907 304 1968 Andr.
330 1909 353 1967 V
374 1907 404 1978 4,
428 1905 448 1969 8
470 1909 660 1968 circumdato
672 1910 726 1979 filo
741 1925 796 1986 pro
812 1909 931 1968 diuerso
947 1910 1048 1969 colore
1071 1907 1125 1967 ecl.
1141 1906 1203 1966 Vlll
1217 1904 1256 1968 73

166 2042 178 2054 ·
244 2042 256 2056 ·
331 2008 395 2078 ll,
421 2007 479 2069 101
503 2012 643 2084 imposuit
664 2027 719 2087 pro
741 2011 861 2084 inponit
893 2007 965 2068 Aen.
989 2005 1109 2068 v1233

166 2142 178 2153 ·
217 2110 306 2190 Andr.
331 2110 382 2171 llll
405 2106 434 2177 3,
459 2106 478 2170 3
506 2113 642 2171 annisum
665 2128 720 2188 pro
742 2110 899 2186 obreptum
933 2112 1005 2170 Aen.
1031 2108 1082 2169 llll
1105 2107 1168 2192 600

166 2244 176 2256 ·
215 2230 283 2272 eun.
308 2213 331 2272 V
352 2208 381 2280 3,
405 2208 426 2272 4
452 2214 639 2288 properabat
661 2228 716 2289 pro
738 2212 909 2271 celebrabat
931 2209 976 2270 vel
997 2213 1150 2272 celerabat
1184 2213 1255 2273 Aen.

431 2312 470 2372 lll
492 2308 553 2372 641

165 2448 177 2460 -
214 2414 331 2493 adelph.
356 2415 367 2474 l
393 2314 428 2484 1,Ι
442 2410 485 2476 54
512 2416 593 2476 bunc
616 2461 622 2474 .
648 2460 655 2476 .
685 2430 784 2476 uocem
813 2431 868 2492 pro
895 2414 971 2474 boec
994 2459 1001 2472 .
1026 2460 1033 2474 .
1057 2417 1140 2475 dicto
1184 2391 1255 2474 Aen.

415 2514 464 2576 Vll
486 2512 550 2576 292

164 2650 176 2662 ·
213 2618 278 2678 hee.
303 2617 357 2679 llll
377 2615 407 2688 4,
433 2614 473 2678 15
500 2619 637 2680 verberet
658 2637 713 2697 pro
735 2620 869 2678 volueret
899 2587 975 2678 lien
1000 2613 1149 2679 v111583

110 2751 253 2814 Dubitare
287 2753 384 2832 possis
416 2760 516 2814 utrum
551 2755 721 2814 coniectura
763 2770 800 2813 an
840 2751 1027 2830 neglegentia
1067 2753 1103 2814 ad
1138 2729 1255 2830 adelph.
1337 2753 1338 2757 ’

110 2854 151 2915 lll
172 2851 244 2925 3‚t
280 2854 420 2916 traditum
444 2858 482 2916 sit
503 2856 657 2916 Aeaciden
680 2873 734 2934 pro
759 2855 923 2916 Alciden
956 2856 1028 2914 Aea.
1053 2854 1090 2914 Vl
1111 2851 1183 2915 392.
1224 2855 1256 2914 ln

110 2964 173 3016 arte
203 2959 394 3032 grammatica
425 2975 501 3036 quae
530 2956 566 3017 ad
595 2955 729 3036 exempla
758 2951 914 3016 maximam
949 2964 1063 3034 partem
1091 2955 1257 3034 Vergiliana

110 3058 347 3136 praecipiuntur,
383 3077 418 3117 ex
448 3057 665 3134 antiquioribus
691 3057 776 3118 libris
804 3054 1011 3138 [grammaticis
1040 3065 1070 3118 et
1097 3055 1257 3118 rhetoricis

110 3157 267 3237 compilata
290 3165 369 3218 sunt.
1098 3163 1102 3176 '

192 3259 320 3320 Prorsus
348 3277 418 3321 vero
447 3259 483 3320 ab
511 3259 592 3321 Aelio
622 3241 755 3320 divdsus
783 3261 918 3321 Tiberius
940 3261 1085 3321 Claudius
1109 3261 1254 3328 Donatus,

70 3369 74 3376 '
108 3361 160 3438 qui
196 3359 314 3422 saeculo
346 3368 452 3438 quarto
481 3369 615 3423 extremo
644 3379 734 3422 senex
766 3359 801 3423 ad
824 3359 890 3421 Tib.
914 3359 1068 3421 Claudiurn
1090 3357 1256 3422 Maximum

109 3461 306 3523 lionatianurn
321 3463 414 3524 filiurn
430 3481 516 3524 suum
532 3463 660 3524 Aeneida
677 3464 797 3531 cursim,
814 3463 925 3540 etipse
941 3461 1021 3532 dicit,
1039 3471 1069 3523 et
1084 3461 1257 3540 relinquens

108 3561 237 3642 plurima
263 3566 479 3643 interpretatus
502 3573 561 3635 est,
587 3565 672 3634 olim,
697 3566 721 3625 si
744 3565 801 3624 vita
824 3565 1027 3643 suppetiisset,
1058 3563 1197 3625 uberiora
1220 3565 1256 3624 de

107 3665 245 3744 personis
278 3666 395 3745 oppidis
429 3665 534 3727 insulis
567 3666 741 3744 regionibus
773 3666 924 3727 urentibus
951 3665 1122 3728 fluminibus
1155 3665 1257 3726 herbis

108 3766 196 3844 lignis
219 3766 294 3827 lanis
317 3767 441 3847 reliquis
464 3767 611 3828 similibus
634 3787 669 3829 ex
692 3769 912 3828 commentariis
935 3775 1069 3830 veterum
1092 3767 1255 3828 additurus.

108 3867 161 3948 (Cl.
192 3869 277 3946 epist.
310 3867 490 3930 dedicatoria
518 3875 547 3930 et
571 3887 596 3928 v.
621 3869 648 3930 tl.
672 3869 791 3928 lleeven
821 3870 905 3949 epist.
935 3868 972 3930 ad
995 3869 1189 3948 Suringarum
1219 3870 1256 3931 de

107 3970 213 4030 llonati
243 3988 350 4030 comm.
380 3973 410 4030 in
435 3971 513 4048 Virg.
537 3970 666 4032 Aeneida
697 3970 763 4030 deta
785 3968 965 4031 Leovardiae
987 3989 1012 4030 a.
1039 3967 1134 4048 1846,
1163 3972 1254 4033 Gras-

106 4061 344 4132 lenlranins'llll
365 4068 429 4132 315
451 4091 526 4150 sqq„
560 4071 597 4130 ll.
621 4071 758 4133 Hertzius
781 4070 817 4131 ad
840 4071 984 4133 Prisciani
1012 4071 1068 4132 vol.
1092 4071 1118 4132 ll
1140 4091 1169 4150 p.
1193 4070 1255 4150 61.)

106 4173 256 4252 Corrupto
279 4172 357 4234 hunc
380 4173 483 4234 codice
506 4192 593 4234 usum
616 4191 681 4234 esse
710 4171 755 4232 vel
783 4171 820 4234 ad
843 4173 914 4234 Aen.
938 4170 1077 4234 x11412
1106 4173 1255 4234 adnotatio

105 4273 207 4344 docet,
237 4273 288 4335 nbi
310 4293 378 4335 curn
402 4276 465 4354 ipse
488 4274 594 4353 legerit
623 4275 709 4350 ‘epse
729 4291 822 4335 manu
844 4275 979 4352 genetrix
1000 4275 1130 4335 Dictaeo
1160 4276 1256 4353 carpit

110 4373 147 4436 ab
171 4375 237 4437 lda'
261 4374 432 4438 ‘nonnulli'
456 4378 552 4458 inquit
574 4377 633 4436 ‘sic
656 4382 807 4453 reponunt
828 4373 908 4437 hunc
930 4375 1037 4446 locuni,
1068 4382 1102 4435 ut
1124 4385 1256 4440 asserant
