3038 4912
576 350 819 395 rnouusounnn.
1234 330 1273 393 11

122 520 352 601 fabularumque
375 521 489 600 copiam
513 521 681 580 universam
706 519 881 581 effunderet.
927 517 1076 598 Superato
1105 526 1203 580 autern
1228 517 1272 578 rel

125 625 233 685 evitato
256 630 390 684 extremo
414 623 492 701 quod
515 642 530 684 a
554 621 732 702 Cyelopihus
753 620 928 682 imminebat
940 619 1084 702 ‘periculo
1108 618 1181 682 nihil
1204 621 1273 681 reli-

124 745 215 805 quum
240 733 313 796 erat,
337 727 394 786 nisi
417 733 451 787 ut
473 743 531 803 qua
555 726 599 784 ria
623 724 692 785 inde.
715 724 750 784 ad
767 724 882 784 Africae
905 741 988 784 oram
1005 724 1190 803 pe'rrcnisset
1205 722 1272 784 hre-

124 829 202 888 riter
235 835 331 888 morte
363 829 459 908 patris
492 834 723 888 commemorata
754 827 904 904 reginam,
941 843 1017 903 quae
1045 827 1117 886 satis
1138 826 1273 904 prolecto

124 928 215 1008 longo
238 931 371 991 sermoni
394 917 533 991 animum
548 929 726 999 intenderat,
751 929 872 990 doceret
888 928 1046 989 Troianus.
1076 928 1170 999 Quem
1187 947 1273 1008 pror·

124 1051 176 1094 sus
199 1031 324 1093 ridicule
348 1031 480 1094 Conrads
502 1033 649 1112 vituperat
678 1031 757 1108 quod
780 1031 901 1109 Augusti
931 1028 1004 1092 adeo
1034 1029 1135 1090 laudes
1157 1030 1274 1090 Siciliae

124 1134 323 1214 descriptioni
345 1153 404 1196 non
427 1135 562 1196 intexuit.
600 1150 606 1159 ·

213 1237 254 1298 lle
278 1240 379 1314 quinti
399 1236 468 1297 lihri
491 1244 586 1298 aetate
610 1243 640 1296 et
662 1236 854 1317 dispositione
878 1235 1022 1314 quaedam
1039 1235 1171 1296 Conrads
1193 1244 1274 1296 recte

123 1339 335 1400 animadvertit
364 1337 411 1416 (cl.
435 1339 542 1419 lleynii
569 1337 604 1400 ad
635 1337 744 1399 lihrum
766 1338 806 1399 lli
834 1357 978 1400 excursus
1001 1338 1025 1399 ll
1055 1336 1109 1396 ‘de
1138 1356 1273 1398 errorum

123 1447 243 1503 Aeneae
266 1440 392 1521 annis’),
416 1459 451 1502 ex
475 1439 583 1519 quihus
599 1441 802 1519 gravissimum
818 1441 897 1521 quod
913 1459 939 1500 v.
956 1437 1018 1502 626
1041 1443 1185 1518 ‘septimo
1207 1448 1275 1520 post

124 1544 235 1604 Troiae
258 1544 404 1604 excidium
426 1545 485 1605 iam
510 1545 633 1604 vertitur
655 1552 767 1620 nestas,
790 1562 856 1604 curn
880 1545 965 1612 treta,
995 1562 1062 1604 cum
1086 1551 1184 1604 terras
1207 1563 1269 1604 orn·

124 1646 184 1716 nis,
208 1652 251 1706 tot
273 1646 421 1725 inhospita
443 1664 511 1707 saxa
534 1645 692 1723 sideraque
715 1663 853 1706 emensae
875 1646 1018 1706 ierimur’
1043 1665 1068 1705 e.
1094 1664 1121 1725 q.
1146 1665 1169 1706 s.
1202 1644 1273 1723 lngi-

124 1767 209 1818 mus,
241 1768 256 1809 a
280 1767 339 1827 quo
362 1765 487 1808 numero
510 1749 587 1808 tertii
611 1749 739 1808 maxime
766 1746 834 1808 libri
856 1752 987 1809 rationes
1010 1765 1192 1827 magnopore
1214 1747 1274 1807 dis·

124 1869 247 1931 crepare
271 1849 486 1912 demonstravit
508 1847 557 1909 ille
579 1868 608 1928 p.
631 1848 697 1909 Xlll
712 1867 776 1929 sqq.
816 1849 890 1910 Nam
913 1849 976 1910 ‘rix
999 1851 1095 1929 prima
1118 1851 1271 1930 inceperat

124 1957 239 2014 aestas’
265 1949 375 2033 (1118),
400 1946 446 2036 epi
467 1945 540 2030 ἑξῆς
561 1947 645 2028 ἔτει,
673 1940 794 2034 πρώτῳ
823 1941 859 2010 dl
881 1939 965 2030 prul
987 1939 1048 2030 τὴν
1071 1939 1214 2028 ἅλωσιν,
1244 1952 1274 2011 61

107 2052 219 2124 'sallon
244 2056 339 2114 61611
362 2053 517 2132 Dionysius
539 2052 551 2113 l
574 2050 624 2124 63,
648 2071 715 2114 cum
738 2055 864 2132 patriam
887 2052 1006 2133 reliquit
1028 2054 1151 2114 Aeneas.
1188 2051 1273 2113 Dela-

132 2163 180 2216 tus
203 2165 248 2218 est
270 2158 399 2235 primum
421 2156 453 2215 in
468 2154 636 2225 Thraciam,
659 2154 711 2215 uhi
726 2156 773 2214 vix
796 2151 907 2215 aunum
929 2156 1036 2216 morati
1059 2174 1124 2216 esse
1139 2162 1273 2234 possunt,

130 2260 270 2335 quoniam
299 2257 488 2334 ‘coeptorum
521 2258 662 2338 operum'
693 2253 752 2336 (20)
782 2255 952 2338 auspicibus
981 2257 1025 2317 dis
1055 2275 1138 2318 sacra
1167 2257 1274 2317 serenti

129 2367 296 2420 monstrum
320 2360 436 2428 accidit,
461 2377 519 2439 quo
541 2361 614 2420 moti
637 2366 713 2430 sunt,
739 2368 770 2420 ut
791 2367 881 2440 portu
904 2360 1176 2438 proficiscerentur,
1200 2358 1272 2418 ‘uhi

123 2465 230 2538 prima
249 2465 327 2534 fides
343 2465 475 2538 pelope,
505 2461 677 2542 placataque
700 2463 779 2522 renti
807 2461 878 2522 dant
900 2463 992 2522 maria
1016 2467 1045 2522 et
1073 2461 1149 2522 lenis
1178 2461 1274 2540 crepi-

129 2571 196 2623 tans
216 2575 302 2625 rocat
324 2571 424 2625 auster
446 2565 476 2622 in
506 2561 616 2624 attum'
642 2559 718 2642 (69),
748 2563 777 2623 h.
803 2583 827 2623 e.
853 2565 973 2624 aestatis
1000 2562 1149 2624 secundae
1179 2564 1273 2624 initio.

132 2664 226 2725 Porro
248 2664 377 2746 hospitio
400 2667 479 2744 regis
494 2667 560 2727 Anii
582 2667 612 2726 in
628 2662 701 2725 liele
723 2663 819 2726 insula
841 2683 896 2744 per
918 2665 1030 2743 aliquot
1052 2665 1114 2728 dies
1137 2667 1275 2730 fruuntur

127 2762 200 2847 (83),
224 2767 277 2828 sed
300 2785 370 2828 mox
392 2766 538 2847 Apollinis
560 2767 695 2837 oraculo,
726 2769 811 2828 ouius
830 2766 924 2828 malus
953 2768 1100 2848 interpres
1122 2767 1274 2838 Anchises,

125 2869 238 2930 inducti
262 2871 379 2931 Cretam
402 2877 516 2950 petunt,
541 2886 599 2947 quo
622 2876 709 2930 vento
733 2869 863 2930 secundo
887 2865 968 2948 (130)
993 2872 1079 2930 tertia
1102 2869 1169 2931 luce
1193 2868 1274 2950 (111)

128 2971 283 3033 advenisse
305 2971 429 3054 putandi
453 2978 529 3032 sunt.
562 2971 619 3032 Sed
637 2990 673 3032 ne
695 2970 744 3030 hic
767 2971 885 3050 quidem
908 2971 976 3051 plus
997 2973 1100 3050 paucis
1122 2971 1274 3032 mensibus

131 3074 268 3136 ridentur
291 3059 445 3135 mansisse.
477 3075 550 3134 Nam
567 3073 637 3133 dum
653 3072 761 3134 nvidus
784 3069 876 3154 (132),
901 3092 972 3152 ergo
988 3073 1067 3135 nulla
1083 3093 1165 3135 mora
1182 3093 1274 3135 norae

36 3201 39 3212 ·
127 3174 211 3256 prbis
233 3194 335 3238 muros
357 3176 478 3237 molitur
492 3180 607 3237 Aeneas
630 3193 788 3255 arcemque
811 3175 925 3246 attollit,
950 3177 1013 3237 iura
1029 3175 1193 3256 domosque
1215 3175 1273 3245 dat,

126 3279 265 3339 iuventus
293 3286 390 3340 autem
418 3277 553 3339 conubiis
583 3279 719 3357 arvisque
748 3284 902 3356 operatur,
938 3276 1015 3338 Sirio
1045 3278 1168 3339 ardente
1191 3275 1273 3357 (141)

127 3377 191 3440 lues
213 3378 313 3441 suhito
337 3377 420 3460 (131)
444 3382 547 3450 oritur,
571 3398 629 3460 qua
651 3378 728 3460 pulsi
750 3381 816 3458 ipso
838 3377 945 3440 hiemis
966 3381 1050 3441 initio
1067 3377 1148 3459 (195)
1171 3398 1275 3441 rursus

129 3489 221 3560 ponto
243 3501 275 3543 se
298 3481 435 3547 credunt.
479 3482 658 3563 ‘Postquam
682 3481 771 3545 altum
796 3490 920 3543 tenuere
947 3491 1027 3543 rates
1048 3501 1104 3544 neo
1131 3482 1189 3542 iam
1212 3501 1273 3543 arn·

128 3583 206 3662 plius
228 3583 307 3645 ullae
330 3592 475 3665 apparent
495 3587 612 3645 terrae’
637 3581 709 3662 (192
732 3585 804 3665 sq),
834 3585 930 3662 surgit
951 3590 1128 3664 tempestae,
1158 3592 1192 3644 61
1214 3592 1274 3645 tres

124 3685 188 3746 dies
211 3693 240 3746 et
263 3692 366 3746 noctes
390 3694 491 3747 errent
518 3685 624 3766 pelago
649 3682 740 3766 (264).
787 3685 897 3756 Quarto
921 3685 957 3746 ad
980 3685 1163 3766 Strophades
1186 3685 1274 3746 deleti

126 3783 209 3868 (206)
232 3788 332 3848 statim
350 3784 431 3868 (226)
449 3787 638 3867 harpyiarum
655 3786 836 3848 obscenitate
852 3788 1050 3850 deterrentur.
1074 3787 1153 3866 Ergo
1168 3787 1273 3848 eodeni

126 3890 251 3950 fortasse
276 3887 323 3950 die
347 3889 508 3969 effugiunt:
532 3908 601 3950 mox
618 3885 699 3971 (215)
723 3890 754 3949 16
769 3892 853 3952 Actio
875 3890 962 3952 litore
984 3888 1145 3952 anchoram
1169 3891 1271 3968 ligunt,

124 3990 176 4052 nbi
199 3991 360 4054 secundam
385 3991 515 4052 hiemem
532 3988 606 4073 (284
621 3989 675 4072 sq.)
699 4010 824 4073 corpora
841 4003 979 4055 ornantes
994 3995 1171 4070 transigunt.
1195 3991 1272 4053 Vere

122 4095 211 4154 tertio
234 4094 304 4154 hine
326 4093 454 4173 proiecti
476 4090 562 4154 litora
586 4094 668 4173 Epiri
691 4093 792 4172 legunt
817 4091 909 4176 (292),
939 4096 974 4156 66
997 4095 1146 4157 Helenum
1169 4093 1271 4155 dever-

122 4203 199 4257 tunt.
230 4195 288 4257 Sed
312 4194 364 4256 uhi
387 4196 467 4256 ‘dies
482 4194 617 4275 alterque
640 4196 703 4256 dies
726 4199 881 4276 processit,
906 4205 935 4257 et
957 4215 1046 4259 aurae
1069 4196 1132 4258 vela
1148 4200 1271 4257 vocant’

122 4295 216 4376 (366),
239 4298 380 4359 traiciunt
396 4296 532 4378 pelagum
550 4296 660 4359 italiam
677 4316 790 4370 vorsus,
814 4298 894 4379 quod
911 4307 978 4360 ante
994 4298 1142 4360 Kalendas
1155 4297 1271 4378 Apriles

120 4401 224 4470 luerit,
258 4401 283 4460 si
311 4401 429 4480 quidem
452 4407 590 4460 acccurate
612 4399 757 4477 Vergilius
784 4401 915 4461 siderum
945 4408 1043 4461 ortum
1074 4408 1103 4460 et
1131 4418 1267 4462 occasum
