3038 4912
260 323 302 389 78
709 345 953 390 enooaoouaua.

263 511 336 595 (616
359 514 414 593 sq.)
439 514 605 576 observavit
628 514 675 595 (cl.
701 513 832 574 Conrads
860 533 889 593 p.
914 513 984 594 XV).
1029 513 1094 574 lam
1118 531 1187 575 cum
1214 533 1230 576 a
1253 514 1409 578 Cerauniis

261 615 297 676 ad
319 616 472 678 Calabriae
495 615 639 677 litus'sex
662 614 707 676 vel
730 623 846 695 septem
868 615 960 685 horis,
985 615 1054 676 inde
1078 635 1094 676 a
1116 619 1327 696 promunturio
1342 617 1406 679 Sal·

142 749 144 762 ·
225 791 228 798 ,
261 716 375 780 lantino
404 720 503 779 minus
523 716 683 779 dimidiato
713 733 816 779 meuse
847 736 952 779 cursus
981 718 1017 778 ad
1048 718 1261 780 occidentalem
1291 718 1411 782 Siciliae

264 829 379 899 partem
403 821 508 882 couiici
531 821 677 898 potuerit,
705 839 765 881 non
793 827 859 900 post
883 820 953 882 ldus
975 818 1092 899 Apriles
1111 819 1281 900 Drepanum
1303 839 1410 900 perve-

262 929 374 984 nerunt
388 919 486 999 (tot).
510 924 603 1010 l'nam
620 930 738 984 noctem
755 922 831 1003 apud
847 920 989 1003 Cyclopes
1003 922 1206 984 toleraverunt
1221 919 1313 1002 (683).
1337 923 1411 984 Dro-

260 1025 331 1104 pani
353 1029 493 1086 morluus
514 1023 658 1085 Anchises
680 1032 791 1086 aestate
816 1025 849 1103 (V
871 1021 914 1085 46
935 1041 1000 1103 sqq.
1031 1019 1119 1102 626),
1151 1032 1182 1085 et
1203 1023 1253 1085 ubi
1276 1027 1412 1086 ‘annuns

264 1127 376 1186 exactis
399 1125 568 1206 completur
589 1124 745 1187 mensibus
768 1125 869 1187 orbis'
894 1125 927 1203 (V
947 1123 1016 1206 46),
1038 1128 1103 1205 ipso
1126 1128 1231 1188 mortis
1253 1126 1301 1187 die
1324 1125 1412 1189 ludos

260 1229 292 1288 in
314 1229 407 1308 patris
429 1229 603 1290 memoriam
627 1225 786 1288 sollemnes
814 1227 920 1288 indicit
940 1235 1054 1290 Aeneas
1082 1247 1116 1288 ac
1139 1226 1279 1290 celebrat.
1331 1229 1411 1307 Ergo

261 1336 343 1391 recte
366 1327 519 1392 subductis
540 1329 706 1392 rationibus
733 1336 851 1409 quarta,
882 1347 942 1391 non
963 1331 1090 1409 septima
1111 1338 1181 1408 post
1200 1331 1308 1392 Troiae
1332 1332 1410 1390 exci-

262 1432 343 1492 dium
366 1434 491 1494 vertitur
513 1439 619 1502 aestas,
644 1431 723 1511 quod
744 1450 805 1492 non
828 1433 1000 1512 scripsisset
1014 1441 1110 1512 poeta,
1133 1434 1159 1494 si
1175 1433 1257 1494 tertii
1271 1431 1340 1493 libri
1363 1451 1410 1493 ra·

263 1535 374 1595 tionem
396 1533 557 1596 habuisset.

351 1635 436 1697 Unde
460 1636 558 1698 ellecit
580 1635 714 1698 Conrads
735 1656 764 1715 p.
788 1635 847 1707 XV,
877 1635 1036 1714 Vergilium
1060 1655 1128 1697 cum
1151 1635 1262 1698 librum
1285 1637 1408 1698 tertium

262 1747 469 1817 componeret,
492 1737 620 1800 similem
644 1739 671 1798 ei
693 1757 782 1818 main
803 1739 962 1818 Dionysius
984 1735 1060 1800 163
1082 1741 1214 1800 narravit
1242 1738 1279 1798 de
1301 1741 1411 1799 errori·

262 1839 320 1900 bos
343 1841 461 1901 Aeneae
484 1839 616 1903 tabulam
639 1848 774 1902 secutum
800 1859 880 1910 esse,
910 1848 1015 1920 postea
1043 1859 1094 1902 eos
1120 1843 1152 1901 in
1180 1847 1295 1920 septem
1320 1858 1414 1902 annos

265 1941 455 2013 distraxisse,
486 1951 517 2003 ot
539 1943 652 2004 scilicet
674 1961 691 2002 a
713 1942 821 2003 Troiae
845 1941 961 2004 excidio
983 1961 1076 2022 usque
1105 1943 1141 2004 ad
1165 1943 1318 2004 Lavinium
1342 1961 1413 2003 con·

265 2043 359 2104 ditum
394 2043 570 2106 sollemnem
601 2044 704 2105 decem
737 2061 885 2105 annorum
913 2062 1072 2105 numerum
1100 2044 1196 2106 tribus
1223 2046 1308 2105 annis
1334 2039 1416 2105 belloi
1472 2035 1475 2041 ’

264 2145 385 2208 tributis
415 2147 547 2208 alliceret
575 2144 613 2226 (p.
638 2145 737 2225 xxu).
788 2146 861 2208 Nam
891 2153 1007 2225 septem
1037 2165 1132 2207 annos
1155 2147 1229 2209 Dido
1257 2164 1374 2226 quoque
1404 2145 1414 2205 l

265 2244 329 2309 755
352 2256 492 2309 numerat
513 2248 561 2309 bis
590 2253 676 2309 ‘uam
700 2256 728 2309 te
750 2250 809 2310 iam
832 2249 961 2328 septima
980 2255 1081 2327 portat
1102 2249 1241 2310 omnibns
1263 2256 1414 2309 errantem

265 2351 358 2412 terris
383 2358 412 2410 et
434 2349 571 2411 ductibus
594 2354 725 2420 aestas'‚
756 2369 832 2429 quae
853 2369 892 2410 ne
915 2369 982 2411 cum
1004 2349 1056 2410 illo
1087 2349 1206 2426 quidem
1231 2351 1324 2428 quinti
1345 2348 1415 2411 libri

266 2450 334 2512 loco
359 2448 443 2532 (626)
468 2450 622 2513 conciliari
645 2453 717 2513 satis
739 2453 828 2532 posse
849 2454 908 2512 iam
930 2460 1048 2513 veteres
1069 2451 1344 2514 animadverterunt
1367 2451 1414 2528 (cl.

267 2553 409 2633 Servius).
434 2553 516 2625 Quae
532 2555 557 2614 si
572 2572 640 2615 vera
664 2562 772 2623 essent,
796 2562 911 2625 octava,
935 2571 995 2616 non
1018 2555 1145 2632 septima
1167 2561 1278 2614 aestate
1299 2555 1416 2614 Aeneas

267 2654 354 2717 ludos
368 2658 400 2716 in
416 2654 515 2716 Sicilia
539 2654 756 2725 celebravisset,
781 2657 807 2716 si
823 2655 942 2735 quidem
958 2653 1136 2734 Carthagine
1158 2654 1303 2716 ‘hiemem
1327 2674 1416 2735 quam

269 2756 375 2836 longa'
400 2757 463 2838 (llll
480 2754 550 2838 193)
575 2777 641 2819 cum
658 2759 761 2836 regina
783 2765 979 2837 transegerat.
1011 2757 1196 2838 Quamquam
1218 2776 1257 2818 ne
1279 2766 1416 2837 quartum

269 2859 390 2939 quidem
420 2859 532 2921 librum
560 2862 632 2921 satis
660 2878 727 2920 eom
756 2862 844 2921 tertio
872 2861 1031 2920 concinere
1058 2859 1136 2921 itlem
1160 2860 1292 2922 Conrads
1313 2878 1342 2938 p.
1367 2858 1417 2919 XV

272 2961 428 3024 intellexit.
475 2963 589 3042 Quippe
614 2962 777 3024 secundum
806 2960 890 3024 illum
919 2961 1063 3023 ‘hiberno
1091 2961 1207 3023 sidere’
1236 2971 1265 3023 et
1292 2960 1417 3022 ‘mediis

269 3063 474 3144 aquilonibus’
505 3061 589 3146 (310)
612 3063 790 3142 Carthagine
818 3064 1170 3143 proticisciturlleoeas,
1201 3073 1288 3142 atque
1315 3063 1416 3141 ‘aqui-

268 3166 357 3228 lone'
380 3166 488 3228 linctus
512 3175 592 3228 atros
614 3168 719 3236 secari,
749 3165 819 3226 dom
843 3172 924 3226 tenet
945 3167 1011 3235 iter,
1042 3167 1131 3226 etiam
1154 3168 1249 3246 quinti
1271 3164 1340 3227 libri
1360 3165 1416 3244 inj·
1486 3187 1489 3198 ¹

271 3271 311 3328 tio
336 3265 376 3348 (2)
400 3274 547 3330 narratur.
594 3267 653 3328 Sed
676 3286 743 3328 mox
767 3274 945 3347 tempestate
966 3269 998 3328 in
1025 3277 1132 3347 portos
1154 3267 1277 3328 Sicanos
1304 3264 1418 3326 delatus

267 3367 331 3446 (23.
356 3367 409 3449 32)
432 3377 551 3448 postera
574 3371 673 3432 statim
697 3369 764 3431 luce
780 3365 841 3449 (42)
863 3368 949 3430 ludos
970 3368 1039 3431 illos
1060 3370 1195 3440 instituit,
1219 3387 1293 3448 quos
1307 3377 1418 3430 aestate

267 3471 331 3533 lieri
353 3491 442 3552 supra
466 3471 603 3534 vidimus.

354 3574 433 3652 Ergo
457 3573 535 3636 bano
557 3592 676 3653 quoque
698 3573 927 3654 discrepantiam
944 3575 1076 3652 quamvis
1091 3573 1180 3654 paulo
1202 3572 1343 3634 leviorem
1366 3591 1416 3634 ex·

270 3675 411 3755 poliendo
433 3695 589 3738 removere
612 3675 740 3737 debebat
762 3684 860 3755 poeta.
911 3675 1013 3746 Quinti
1041 3686 1138 3737 autem
1166 3675 1236 3737 libri
1257 3674 1347 3736 verba
1369 3674 1418 3736 illa

270 3774 354 3859 (626)
378 3779 506 3840 tortasse
529 3780 572 3839 sio
594 3778 827 3859 interpretanda,
852 3785 885 3838 ut
908 3779 1026 3838 aestatis
1048 3780 1169 3839 notione
1191 3785 1283 3838 totum
1308 3796 1418 3838 aonam

270 3878 427 3960 complexa
450 3881 506 3942 lris
529 3882 698 3960 siguificare
721 3888 881 3950 statuatur,
908 3881 966 3940 iam
995 3881 1026 3940 in
1050 3899 1085 3941 eo
1109 3899 1174 3940 esse
1203 3889 1236 3940 ut
1263 3881 1419 3959 septimam

269 3989 413 4044 aestatem
437 3990 577 4063 sequatur
600 3991 729 4045 octavus.
781 3983 854 4045 Nam
884 4001 939 4061 per
962 3989 1104 4043 aestatem
1131 4001 1200 4044 cum
1223 3983 1361 4058 navigare
1384 3981 1419 4041 li·

271 4092 348 4155 eeat,
372 4103 432 4146 non
455 4103 510 4165 per
532 4084 671 4155 hiemem,
696 4085 774 4146 haud
798 4086 838 4144 ita
860 4086 961 4164 inepte
982 4093 1098 4163 poterat
1112 4086 1242 4145 infinitos
1257 4102 1312 4163 per
1328 4084 1420 4144 maria

271 4206 392 4248 errores
416 4205 605 4265 conquerens
634 4189 691 4248 ianr
715 4197 846 4248 octavam
880 4188 1006 4254 instare,
1040 4188 1231 4266 praeteriisse
1263 4187 1420 4264 septimam

270 4298 415 4351 aestatem
438 4290 559 4358 dicere,
590 4297 623 4349 ut
644 4288 718 4349 llido
741 4289 856 4349 dixerat
879 4287 900 4363 (Ι
923 4285 994 4369 766)
1025 4290 1152 4349 ‘teiam
1175 4289 1300 4367 septima
1323 4298 1422 4366 portat

157 4455 158 4460 ,
270 4392 408 4452 ominbus
431 4400 581 4453 errantem
610 4392 700 4452 terris
730 4400 757 4450 et
787 4389 929 4451 lluetibns
962 4391 1091 4458 aestas’,
1125 4391 1259 4466 quamvis
1292 4401 1421 4452 exeunte
