2956 4906
249 331 309 396 116
693 351 937 396 6666666666.

330 517 394 582 564
416 520 631 599 ‘Parthenope
655 521 765 580 §neorii
778 519 977 600 Parthinope’
1002 521 1055 600 (sic
1078 522 1166 582 etiam
1190 523 1220 582 16
1236 521 1302 584 666.
1323 520 1395 600 161)

136 665 139 672 .
246 622 341 702 ‘qnae
364 620 620 701 6666116666116,
644 622 675 681 in
701 639 758 699 qua
785 623 906 700 scripsit
922 621 1098 700 Vergilins’.

332 723 462 785 Primum
486 724 561 784 certi
592 722 744 783 cuiusdam
773 721 953 803 exemplaris
981 726 1145 803 scripturas
1173 728 1314 803 genetivo
1336 729 1396 788 isto

246 829 357 889 laetorii
377 825 501 887 indicari
523 826 651 885 maxime
673 843 708 884 eo
731 824 968 894 demonstratur,
1001 825 1080 904 quod
1104 845 1128 885 v.
1154 825 1212 888 131
1235 844 1398 904 serumque

242 946 384 1006 papaver
406 947 462 1008 pro
484 944 661 1003 vescumque
680 945 711 1003 6.
735 934 933 996 memoratur,
957 929 1008 1004 qui
1031 937 1150 1006 apertus
1172 927 1285 990 librarii
1308 947 1395 991 error

246 1039 306 1101 est,
341 1049 408 1092 cum
437 1049 473 1091 ex
503 1028 608 1096 eodem
638 1030 791 1107 sequentis
820 1047 923 1090 versus
954 1029 1020 1089 loco
1049 1031 1200 1109 ‘seraque
1218 1035 1395 1092 reverteus’

245 1133 303 1195 huc
325 1131 449 1193 inlatum
471 1132 509 1191 sit
529 1149 608 1191 seru.
661 1130 800 1192 Ceterum
829 1129 921 1192 hahes
950 1131 1060 1192 lormas
1089 1134 1281 1210 grammatico
1304 1133 1394 1194 docto

244 1234 322 1295 lraud
344 1233 490 1313 indignas.
536 1233 608 1294 Nam
630 1234 713 1294 coice
726 1233 853 1293 sormam
869 1235 1019 1312 antiquam
1036 1251 1102 1294 esse
1117 1232 1324 1296 Lachmannus
1346 1236 1393 1295 in·

244 1338 348 1416 primis
371 1336 408 1398 ad
430 1335 518 1396 Lucr.
541 1354 570 1414 p.
596 1331 657 1395 136
679 1335 894 1396 demonstrarit
923 1334 969 1411 (cl.
994 1335 1121 1396 Corssen
1144 1335 1181 1396 de
1205 1343 1346 1415 pronunt.
1370 1334 1391 1396 l.

244 1439 275 1499 L.
300 1438 312 1499 1
334 1435 396 1514 96),
420 1442 670 1513 serraveruntque
694 1453 758 1496 eam
783 1437 811 1496 P
828 1437 901 1498 Aen.
924 1433 1026 1497 11801
1051 1443 1080 1496 61
1102 1438 1131 1498 u
1154 1437 1175 1494 V
1191 1434 1254 1498 662
1277 1434 1393 1499 11646.

245 1542 287 1602 [le
309 1541 468 1620 participio
489 1546 617 1600 nanctus
639 1555 727 1598 nemo
749 1536 878 1598 dubitat:
902 1545 982 1599 extat
1004 1546 1102 1599 661661
1120 1547 1240 1618 praeter
1255 1547 1393 1600 nostrum

244 1642 343 1703 locum
367 1643 438 1703 ten.
463 1641 502 1701 111
524 1637 585 1703 331
614 1641 644 1700 16
673 1639 784 1717 Pehp,
813 1640 884 1700 item
914 1641 944 1700 16
973 1641 1002 1700 R
1029 1641 1102 1701 den.
1126 1638 1173 1699 Vll
1196 1638 1258 1702 511
1288 1649 1318 1702 61
1340 1640 1394 1701 XII

245 1740 318 1805 149.
362 1744 474 1819 161616
497 1743 675 1821 scripturam
699 1758 760 1801 non
782 1748 947 1819 agnoscunt
969 1739 1037 1802 libri
1060 1743 1169 1811 nostri,
1193 1743 1244 1819 qui
1267 1751 1395 1820 utroque

245 1845 313 1906 loco
336 1862 383 1924 ge.
405 1845 418 1904 l
442 1841 504 1905 120
526 1853 557 1904 et
578 1842 630 1904 llll
654 1839 715 1903 120
737 1841 774 1902 de
796 1845 893 1904 intiba
914 1845 1121 1912 consentiunt,
1157 1843 1235 1922 quod
1266 1846 1296 1904 in
1326 1844 1392 1905 cod.

247 1944 307 2008 161
332 1946 467 2008 scholion
490 1963 609 2026 quoque
632 1943 767 2006 exhibet:
791 1953 923 2006 ceterum
947 1944 1140 2023 cl..Wagneri
1155 1945 1287 2023 orthogr.
1303 1946 1391 2023 Verg.

249 2046 323 2110 485.
370 2049 410 2109 ile
433 2047 517 2108 verbi
541 2049 667 2122 seruere
688 2045 799 2127 duplici
822 2047 1029 2124 coniugatione
1053 2065 1068 2106 a
1092 2047 1272 2108 doctissimis
1293 2065 1392 2125 gram-

248 2152 364 2212 maticis
386 2152 552 2226 quaesitum
570 2169 635 2210 esse
651 2149 759 2210 docent
771 2149 939 2210 Priscianus
955 2167 982 2228 6.
997 2145 1059 2209 866
1085 2148 1201 2210 Probus
1217 2169 1244 2228 p.
1265 2145 1346 2210 1413
1359 2149 1391 2209 P.

245 2254 358 2316 Nonius
386 2271 409 2313 s.
439 2271 464 2312 r.
494 2260 614 2332 praeter
636 2250 709 2312 alios
740 2250 787 2328 (cl.
812 2249 894 2311 Neue
916 2249 1067 2310 Formenl.
1096 2247 1179 2321 324),
1208 2258 1237 2310 et
1259 2251 1392 2329 proticis-

250 2363 359 2417 cnntur
386 2355 451 2416 lere
478 2373 495 2414 a
518 2353 649 2414 Terentii
679 2359 709 2411 et
731 2350 852 2430 Vergilii
880 2351 1037 2430 exemplis,
1072 2359 1104 2412 ut
1131 2352 1237 2413 horum
1265 2353 1394 2412 maxime

244 2465 399 2536 poetarum
422 2455 655 2530 ¹commentariis
690 2453 821 2514 rideatur
857 2455 991 2532 quaestio
1030 2453 1185 2534 prolligata
1219 2471 1295 2513 esse.
1351 2453 1394 2514 lle

240 2559 366 2633 forcipe
402 2563 523 2637 praeter
557 2557 691 2616 Serrium
718 2553 871 2616 Charisius
893 2573 922 2634 p.
947 2551 989 2615 14
1032 2554 1130 2616 Velius
1159 2555 1279 2633 Longus
1310 2551 1396 2615 2232

244 2661 352 2720 Marius
386 2657 554 2719 Victorinus
589 2653 683 2717 2410Ἰ
707 2656 762 2732 P..
801 2674 836 2716 ex
875 2655 983 2736 quibus
1019 2656 1171 2718 Charisius
1207 2664 1237 2717 et
1272 2656 1394 2734 Longus

243 2764 309 2841 ipso
333 2758 453 2838 Vergilii
477 2757 613 2838 exemplo
636 2757 699 2819 Vlll
721 2754 784 2820 453
809 2759 854 2817 usi
878 2765 957 2829 sunt,
982 2757 1033 2820 uhi
1055 2778 1134 2820 nunc
1152 2759 1265 2832 forfice
1286 2758 1342 2818 soll
1365 2758 1394 2818 R

246 2862 366 2944 placuit,
391 2870 424 2924 ut
446 2863 476 2921 in
500 2860 605 2922 eodem
629 2846 716 2921 etiam
737 2859 790 2921 Xll
811 2857 876 2922 404
898 2868 984 2922 extat.
1030 2861 1128 2938 Orphi
1148 2860 1262 2922 dativus
1277 2859 1394 2920 Aemilii

247 2967 334 3044 hspri
359 2964 532 3025 memoriam
561 2969 693 3030 revocat,
727 2963 778 3038 qui
806 2962 843 3022 de
871 2965 1015 3040 genetiuis
1037 2961 1142 3024 Achilli
1162 2962 1219 3024 0111
1239 2961 1392 3032 Promethi

134 3075 142 3084 ‘
251 3067 322 3129 Neri
346 3067 415 3127 'leri
438 3065 524 3126 docte
547 3047 695 3125 disseruit.
746 3065 938 3140 Parthenope
964 3082 1074 3125 nomen
1096 3063 1300 3125 Buechelerus
1321 3064 1392 3125 olim

247 3187 303 3249 per
325 3167 440 3228 litteras
463 3166 535 3227 mihi
558 3166 732 3244 significarit
754 3165 847 3226 videri
868 3169 1091 3242 grammaticum
1115 3175 1264 3237 nostrum,
1287 3168 1393 3246 utqui

251 3273 388 3349 66116666
403 3271 515 3330 lormas
531 3267 676 3338 dilexerit,
693 3268 758 3328 sine
774 3268 952 3346 aspiratione
968 3268 1059 3330 scribi
1073 3267 1216 3329 voluisse:
1240 3277 1270 3330 et
1285 3267 1394 3346 legitur

247 3371 308 3432 ml
327 3380 500 3450 partenope
521 3371 551 3430 16
574 3390 604 3449 y.
650 3369 835 3446 Parthenope
856 3367 964 3449 legisse
979 3371 1113 3432 criticum
1136 3379 1269 3431 nostrum
1292 3372 1393 3431 statuit

245 3475 359 3552 Hagen.
413 3473 545 3550 11661666
579 3474 777 3534 accusativum
812 3473 898 3533 emho
931 3474 996 3552 quis
1025 3472 1275 3533 commendaverit
1303 3489 1393 3551 supra

244 3575 380 3636 vidimus.
437 3573 473 3634 Et
506 3575 581 3636 mire
615 3573 722 3635 accidit
753 3580 801 3644 ut,
836 3576 861 3634 si
894 3575 925 3635 16
957 3579 1036 3637 ebrii
1070 3575 1115 3636 rel
1154 3577 1241 3635 hebri
1272 3576 1393 3635 nomine

248 3676 435 3738 emendando
464 3676 556 3737 semel
585 3676 704 3738 ariolari
733 3676 891 3750 audemus,
920 3676 1035 3739 litterae
1065 3676 1184 3754 quidem
1212 3675 1248 3737 ah
1276 3677 1396 3737 Heleuii

250 3782 313 3861 pari
336 3780 400 3839 lere
423 3780 520 3857 spatio
543 3786 630 3859 atque
652 3798 668 3840 a
697 3781 798 3840 Verrii
819 3780 938 3839 nomine
960 3777 1066 3838 absint.
1111 3779 1148 3838 Et
1169 3759 1305 3857 66161666
1320 3781 1407 3839 1066-1

243 3885 322 3942 rium
357 3883 501 3943 Flaccum
530 3882 567 3942 de
596 3880 734 3942 omnihus
759 3880 817 3942 illis
844 3878 995 3941 vocabulis
1023 3881 1196 3958 praecipere
1226 3883 1332 3960 partim
1361 3884 1392 3942 16

249 3982 335 4044 libris
358 3983 395 4043 de
419 3981 631 4064 orthographia
654 3985 760 4062 partim
783 3983 814 4043 in
838 3981 971 4061 epistolis
992 3981 1099 4059 partim
1122 3983 1153 4041 in
1175 3982 1241 4043 aliis
1263 3985 1392 4062 scriptis,

243 4084 288 4145 rel
308 4104 401 4164 pauca
424 4085 474 4146 illa
490 4086 607 4154 docent,
624 4101 699 4161 6666
715 4083 763 4144 616
777 4083 837 4144 11116
851 4082 921 4143 1666
937 4088 1075 4162 excerpta
1091 4081 1210 4161 collegit
1221 4084 1255 4145 0.
1268 4084 1393 4146 Mueller

244 4190 273 4248 in
298 4188 391 4267 prael.
416 4187 450 4248 66
475 4186 553 4247 Fest.
578 4205 606 4264 p.
630 4184 693 4245 lllV
716 4203 779 4264 sqq.
830 4185 873 4245 ct.
897 4191 1050 4263 praeterea
1082 4203 1157 4263 quae
1180 4184 1216 4244 de
1239 4187 1393 4250 Mezentio

243 4291 362 4350 nomine
383 4290 413 4347 in
430 4307 506 4348 mus.
524 4283 844 4367 1111661111419666.
869 4285 1006 4357 disserui,
1032 4287 1109 4366 quod
1127 4285 1243 4349 duabus
1260 4309 1280 4350 z
1298 4291 1388 4351 scrihl

243 4391 364 4452 Verrius
386 4391 521 4450 iusserat.
