2986 4904
548 325 787 370 mouumentum.

180 495 237 556 lris
259 501 323 554 tum
345 493 461 554 Beroen
483 491 585 552 babitu
607 495 728 555 mentita
751 492 836 554 senili

179 593 311 656 incendit
332 611 437 662 naves,
461 593 576 654 subitus
598 611 672 672 quas
694 593 821 658 vindicat
842 592 949 654 imber.

180 696 344 756 insomnis
366 700 452 772 pater
474 692 633 763 Anchises,
659 711 733 771 quae
757 693 834 755 bella
856 692 986 771 gerenda

181 813 299 874 quoque
322 794 397 855 duce
420 794 455 854 ad
478 813 580 856 manes
602 796 697 873 possit
718 776 901 856 descendere
924 801 1077 854 monstrat.

181 895 352 956 transcribit
374 901 484 955 matres
507 894 574 956 urbi
596 894 799 975 populumque
820 892 966 956 volentem

182 1008 211 1057 et
231 996 346 1078 placida
368 999 483 1057 Aeneas
506 995 677 1056 Palinurum
700 997 818 1076 quaerit·
838 998 868 1056 in
891 995 979 1056 unda.
1198 994 1263 1092 10ἢ

640 1213 685 1274 Vl.

179 1387 286 1446 Cumas
308 1382 415 1444 deinde
439 1383 534 1466 venit,x
572 1383 630 1443 lert
652 1381 721 1442 hinc
744 1399 887 1461 responsa
911 1381 1051 1463 Sibyllae.

179 1487 323 1546 Misenum
346 1482 465 1564 sepelit:
489 1501 575 1544 mons
597 1491 695 1544 servat
716 1500 824 1543 nomen
848 1482 969 1545 hunroci.

180 1605 294 1647 ramum
319 1587 406 1646 etiam
431 1585 529 1645 divum
552 1583 667 1664 placato
691 1587 812 1645 nurnine
834 1591 942 1662 portat.

179 1695 310 1749 atratus
333 1687 472 1764 longaeva
496 1703 554 1747 una
577 1685 729 1746 descendit
750 1688 907 1746 Avernum.

179 1789 313 1867 agnoscit
334 1787 505 1848 Palinurum
530 1793 559 1846 et
581 1787 622 1846 ibi
645 1785 756 1847 solatur
777 1785 901 1848 Elissam

179 1889 424 1969 Deiphobumque
447 1888 526 1948 videt
547 1887 678 1947 lacerum
702 1885 862 1947 crudeliter
885 1907 947 1948 ora.

179 1989 353 2051 umbrarum
375 2008 488 2068 poenas
511 1987 591 2049 audit
613 1995 753 2049 narrante
776 1986 899 2068 Sibylla,

96 2279 197 2341 Menny.
215 2279 260 2327 alt.
279 2277 393 2338 Mantel,
412 2291 458 2328 om.
478 2278 506 2325 et
523 2277 575 2326 ulii.
593 2272 733 2340 Prodigiri.
758 2271 815 2325 ebt
837 2273 995 2339 Prodigium
1015 2279 1057 2324 est
1075 2275 1236 2326 Burmannus

144 2428 289 2493 deluplub
358 2362 483 2493 sugillo
552 2429 666 2493 bonno
700 2453 704 2458 ·
740 2427 803 2478 'Prii
817 2443 831 2476 c
884 2431 960 2480 ,tum
979 2429 1158 2477 coniectione
1178 2429 1235 2477 Me-

94 2529 150 2576 nan.
169 2515 202 2561 nl.
222 2513 287 2561 item
305 2515 315 2561 1
332 2517 359 2561 tc
377 2520 403 2560 ut
421 2514 481 2574 oid,
501 2528 569 2564 eras.
588 2528 601 2560 c
620 2512 753 2563 nutricem
770 2513 785 2562 b
805 2527 886 2562 onum
903 2512 1029 2560 Heinsius·
1102 2511 1238 2562 berolrent

94 2596 267 2645 bbereemc
342 2595 478 2644 abitnme
559 2595 645 2645 lcnrdl
664 2593 827 2661 (carnelo
906 2597 1022 2658 donny
1103 2595 1235 2645 subitati

81 2721 84 2728 .
143 2679 282 2728 indiculo
366 2678 504 2729 himberb
591 2682 712 2744 ”lquoy
800 2679 832 2728 In
855 2679 870 2728 b
891 2695 941 2743 pro
963 2681 1006 2729 iilo
1028 2695 1101 2730 uersu
1119 2679 1182 2729 banc
1200 2682 1233 2730 le·

92 2772 199 2828 guntur:

325 2915 494 2966 Cuncuutum
513 2865 621 2969 albhises
634 2915 736 2966 lolutur
753 2916 845 2965 noctis
858 2916 886 2965 in
905 2915 1014 2976 umbris,

93 3001 130 3048 sic
146 3001 315 3063 corrigendo:

289 3084 358 3134 Turn
376 3088 487 3148 gnatum
507 3084 640 3136 Anchisae
658 3085 765 3135 soletur
782 3086 872 3136 noctis
889 3085 917 3134 iu
934 3085 1037 3135 umbris

95 3183 158 3233 quae
177 3170 255 3233 monis
273 3184 345 3234 qnam
363 3171 407 3219 illc
422 3173 539 3234 placent:
562 3186 618 3218 narn
642 3185 713 3233 quae
731 3168 808 3220 bellu
832 3168 953 3233 gerenda
970 3177 1091 3220 ammonui
1109 3171 1235 3220 Arnlricec

95 3320 292 3371 Aenvlsoo.
350 3252 529 3384 currolluei
547 3321 654 3386 Cogoc
723 3321 841 3384 ducere
910 3319 1097 3370 discendcrec
1172 3338 1232 3371 nar·

98 3404 172 3453 rath
242 3405 365 3455 errans
379 3405 521 3469 scribitur
589 3405 678 3456 mores
693 3406 707 3455 b
775 3404 880 3454 urbil'b
948 3404 1071 3471 poplrny
1140 3407 1233 3457 uolen-

94 3492 148 3535 tem
167 3491 197 3546 cl,
216 3495 242 3537 nt
256 3489 321 3543 Aen.
340 3490 364 3539 V
383 3492 432 3541 750
450 3487 597 3540 uoilerintd
615 3491 630 3541 b
647 3490 775 3540 uolentes
790 3506 806 3556 γ
877 3493 907 3540 10
925 3489 1036 3554 placidii
1046 3507 1078 3556 yo
1094 3489 1233 3556 placidum

94 3570 258 3636 dplecitum
280 3575 369 3624 Venet.
455 3574 576 3624 amiiitc
661 3574 741 3624 undis
763 3575 834 3641 ybcco
910 3575 955 3625 VI.
979 3575 1081 3626 Extant
1103 3578 1128 3625 in
1146 3576 1234 3642 Ilybcl.

787 3677 813 3709 m

127 3723 310 3775 ICYMASM
344 3727 453 3776 Pmosc
488 3727 686 3778 SERVANSR
721 3726 858 3778 euenit
895 3725 1231 3780 cticmdiuddlETlAM·

93 3807 212 3858 vlvvm
231 3809 253 3858 Il
271 3809 352 3859 etium
372 3814 455 3861 antee
474 3811 565 3861 diuum
583 3828 598 3860 o
616 3813 671 3861 ctio
689 3817 753 3862 ante
772 3812 825 3863 deu
845 3828 874 3876 γ,
898 3812 1002 3863 Mentel.
1020 3828 1070 3865 soc.
1090 3829 1144 3863 curn
1161 3817 1233 3864 alita:

93 3906 164 3954 uero,
188 3909 244 3941 narn
265 3897 426 3958 praecedunt
443 3896 505 3945 duco
523 3897 555 3946 de
572 3911 643 3944 ramo
655 3897 787 3946 204-211
806 3903 913 3960 roperto
932 3895 1027 3946 Miseni
1045 3901 1193 3962 sepulturae
1211 3917 1232 3950 n.

93 3977 142 4024 212
160 3991 216 4041 sqq.
237 3982 265 4027 et
282 3983 366 4029 antee
383 3979 475 4031 divum
493 3979 598 4032 Mentel.
619 3996 661 4044 pr.
748 3979 830 4029 4ΑΤ
844 4003 850 4018 ·
864 3979 981 4030 VATES
997 4006 1003 4019 ·
1017 3979 1230 4033 LONGAEVA·

93 4060 131 4108 Illa
148 4061 186 4110 Ac
207 4062 289 4112 nates
307 4067 384 4112 tecta
407 4067 463 4129 atq·
488 4081 520 4129 γε
558 4065 595 4114 At
618 4065 692 4114 cratis
716 4067 793 4114 tecta
816 4071 899 4130 atquo
918 4066 1022 4118 Mentel.
1045 4070 1078 4116 nl.
1100 4067 1141 4117 Ad
1163 4069 1238 4118 uatis

93 4147 170 4193 tecta
192 4145 309 4211 adquct
337 4148 373 4197 Et
399 4149 473 4199 unii·
499 4153 575 4200 tectu
598 4153 683 4213 atque
701 4151 776 4200 Letd.
866 4151 976 4200 Averno
999 4151 1232 4202 utAen.V1126

93 4232 183 4279 mauult
201 4230 333 4292 Francius,
352 4233 384 4282 L.
401 4233 511 4284 Mueller
528 4251 554 4298 p.
573 4236 621 4284 119
707 4236 723 4285 5
740 4233 887 4300 palinurcn
905 4235 945 4284 ibi
964 4239 1018 4286 etl
1100 4235 1232 4286 heliseum

93 4309 240 4381 laliscay
308 4317 525 4383 6Dephoebiic
598 4319 700 4370 uiditc
779 4317 996 4370 LllTEllVMIt
1077 4318 1231 4386 lpoendy
