2962 4904
537 341 784 416 amoneoouena,
1135 411 1141 426 ,
1195 351 1231 417 11

87 539 208 620 prodiit.
253 539 309 608 Oui
332 558 382 602 eas
405 549 518 602 tanturn
543 540 668 618 eclogas,
693 561 769 621 quae
785 560 854 603 vere
869 537 1022 604 bucolicae
1044 545 1144 623 poesis
1166 563 1249 624 sper

87 645 164 704 ciem
188 644 446 723 praeseferunt,
471 635 581 704 scil'l.
605 643 639 703 ll.
664 643 710 704 lll.
738 645 768 704 V.
794 643 851 706 Vll.
878 644 949 706 Vlll.
965 631 1006 706 lx
1020 644 1090 706 inde
1105 645 1142 708 ab
1158 663 1236 708 anno

88 743 150 808 71⁴2
173 761 269 822 usque
292 743 328 826 ad
352 741 413 805 716
443 746 507 806 lere
530 747 710 824 compositas
739 765 805 808 esse
834 747 986 816 concedit,
1015 745 1146 826 reliquas
1175 756 1236 810 tres

89 848 145 926 (tv.
173 847 219 908 Vl.
243 847 277 923 X)
302 847 444 926 perlectis
467 847 586 920 demum
608 849 755 926 georgicis
778 855 866 928 atque
889 850 966 928 epici
988 851 1075 910 etiarn
1090 852 1236 930 poematis

89 948 224 1031 periculo
257 949 355 1010 minus
385 947 513 1010 feliciter
545 950 624 1011 laeto
657 952 733 1011 intra
767 969 862 1014 arruos
891 948 1059 1014 tat—729
1092 953 1236 1015 suadente

88 1053 193 1116 Asinio
216 1049 350 1112 Pollione
372 1051 498 1133 scriptas
521 1051 663 1114 etaltera
688 1051 843 1114 bucolicon
866 1053 995 1116 editione
1022 1055 1098 1116 lacta
1128 1057 1237 1118 ceteris

89 1155 245 1217 adiunctas
269 1171 334 1214 esse
358 1155 493 1216 coniecit.
546 1154 608 1226 Oua
637 1154 688 1216 ille
713 1156 853 1235 opinione
876 1155 956 1234 quod
988 1165 1120 1218 veterum
1154 1159 1237 1220 testi·

91 1259 199 1320 moniis
240 1257 418 1338 contemptis
456 1255 540 1317 tinxit
577 1277 652 1336 qnae
687 1275 724 1318 ne
757 1259 902 1320 Asconius
936 1258 1055 1336 quidem
1089 1241 1237 1323 Pedianus

89 1361 179 1422 lando
202 1357 364 1428 audiuerat,
389 1357 616 1420 condonandum
628 1360 756 1421 sortasse
779 1367 868 1430 esset,
892 1363 916 1422 si
931 1357 1055 1422 aliorum
1078 1367 1237 1440 argumen-

91 1472 189 1525 torum
221 1462 399 1522 necessitate
426 1462 602 1540 pervicisset
635 1463 824 1524 sententiam.
876 1463 918 1525 De
946 1481 1003 1542 qua
1038 1473 1137 1526 tamen
1165 1464 1257 1550 mibi¹

90 1563 355 1652 quidemminime
377 1564 535 1643 persuasit.
587 1563 660 1647 llam
689 1566 817 1644 primurn
848 1565 936 1627 rerba
960 1573 1066 1646 poetae
1089 1563 1238 1629 cauillatus

90 1669 183 1746 magis
206 1683 294 1743 quam
317 1667 532 1745 interpretatus
555 1673 608 1736 est,
632 1685 689 1728 uec
704 1668 901 1747 agnoritipse
916 1669 946 1730 in
970 1671 1114 1731 decimu
1137 1667 1238 1748 ecloga

90 1768 322 1838 cavillationem,
357 1785 412 1848 per
439 1785 528 1845 quam
558 1767 721 1848 Daphnidis
749 1768 876 1830 infelicis
899 1769 1041 1848 querellis
1063 1772 1099 1832 ad
1122 1770 1237 1833 Gallum

89 1873 193 1934 lestire
217 1868 367 1932 translatis
383 1868 609 1950 adsumptisque
632 1869 718 1932 buius
732 1872 828 1950 ipsius
843 1872 1025 1934 carminibus
1047 1875 1151 1936 risisse
1165 1875 1238 1936 Ver·

90 1973 176 2054 gilius
199 1973 311 2033 luctum
335 1973 422 2034 amici
445 1971 622 2034 stridendo
646 1975 795 2036 sanavisse
816 1975 947 2038 animum
970 1977 1049 2046 eius,
1074 1995 1133 2038 non
1157 1977 1237 2036 serio

91 2077 316 2138 commiseratus
345 2073 391 2135 vel
422 2072 591 2137 consolatus
622 2094 689 2137 esse
710 2076 859 2156 putandus
883 2085 936 2138 est.
989 2081 1024 2139 m
1051 2077 1101 2138 ille
1129 2079 1238 2138 mortui

90 2199 167 2242 anno
196 2174 259 2239 728
282 2175 357 2237 Galli
385 2175 567 2238 desiderium
595 2175 778 2258 lepidissimo
806 2187 943 2258 poemate
972 2181 1098 2260 exprimi
1126 2181 1237 2248 statuit,

91 2283 223 2362 quamvis
245 2277 326 2340 nulla
349 2279 455 2340 mortis
477 2280 589 2340 mentio
611 2281 690 2349 insit,
714 2282 804 2342 immo
829 2283 910 2343 rivus
932 2300 997 2344 esse
1020 2283 1147 2360 tingatur
1169 2299 1195 2343 v.
1217 2279 1238 2344 3

92 2387 110 2463 l‘
120 2392 211 2464 neget
233 2384 301 2461 quis
322 2382 454 2444 carmina
477 2380 596 2443 Gallol’
621 2400 658 2443 an
680 2389 799 2444 mortuo
822 2382 939 2464 negetl)
964 2393 994 2445 et
1009 2382 1048 2445 tl
1073 2401 1137 2466 sqq.
1163 2384 1238 2465 (bos

91 2487 163 2549 baec
185 2486 304 2548 iacietis
327 2485 453 2566 maxima
469 2483 562 2555 Gallo,
587 2483 680 2555 Galle,
704 2487 787 2546 euius
803 2504 886 2548 amor
902 2495 1017 2548 tantum
1034 2486 1108 2550 mibi
1130 2488 1239 2548 crescit

91 2593 119 2652 in
141 2589 241 2659 boras,
265 2593 408 2665 quantum
430 2603 501 2648 vere
522 2605 599 2648 noro
621 2586 723 2649 viridis
747 2607 779 2648 se
802 2587 912 2650 subicit
933 2588 1047 2652 alnus’:
1071 2589 1137 2666 quis
1159 2589 1237 2649 enim
1329 2609 1332 2616 ·

91 2693 251 2770 imaginem
286 2688 324 2749 de
350 2687 478 2769 pallidae
505 2688 629 2758 umbrae
658 2689 806 2752 desiderio
834 2709 848 2750 a
878 2692 954 2751 veris
982 2689 1090 2754 laetitia
1121 2697 1260 2750 mutua.

92 2793 196 2874 bituri)
764 2809 768 2814 ·

173 2895 236 2958 Nec
260 2893 344 2955 video
368 2912 420 2956 cur
442 2895 473 2956 in
495 2901 605 2956 secate
627 2892 728 2974 ecloga
752 2914 794 2955 vv.
812 2893 938 2957 64-73
954 2897 1050 2975 aptius
1066 2896 1102 2957 de
1118 2901 1237 2956 mortuo

92 3017 179 3078 quam
213 2997 252 3060 de
285 2999 349 3057 viro
372 2996 456 3058 Gallo
490 2994 618 3059 tabulam
642 2997 760 3060 Silenus
794 3015 916 3060 narrare
950 3005 1104 3059 statuatur.
1152 2999 1239 3058 Certe

92 3103 173 3164 virus
197 3120 213 3162 a
235 3100 328 3162 blnsis
350 3101 470 3161 Ascraei
492 3100 572 3160 senis
595 3098 716 3160 calamis
739 3099 843 3162 donari
865 3102 1002 3180 tingitur:
1033 3117 1129 3178 neque
1159 3098 1237 3161 enim

91 3211 228 3268 mortuus
250 3202 450 3282 Euphorionis
483 3203 614 3264 carmina
646 3204 775 3264 imitatus
810 3210 863 3263 est.
919 3205 1015 3280 Atque
1048 3203 1168 3264 omnino
1201 3200 1238 3260 de

92 3308 201 3370 nrortui
223 3306 312 3367 amici
333 3303 477 3366 memoria
500 3303 558 3366 ulla
581 3306 705 3383 cogitari
727 3312 819 3375 vetat,
849 3305 928 3385 quod
957 3305 994 3365 de
1017 3311 1128 3366 mrrtato
1152 3321 1237 3382 geor·

90 3412 176 3490 gicon
201 3407 270 3470 libri
299 3394 509 3484 quarti'exim
532 3407 667 3469 Servium
697 3407 856 3470 tradidisse
884 3411 915 3470 in
949 3409 1046 3487 capite
1074 3407 1161 3470 tertio
1196 3405 1237 3465 ri·
1297 3471 1300 3476 ,

91 3513 238 3574 debimus.
283 3508 348 3581 Quo
372 3516 471 3572 autem
494 3515 624 3588 spectet,
656 3510 734 3588 quod
757 3512 787 3571 in
811 3511 915 3572 eadem
937 3509 987 3571 illa
1010 3508 1111 3587 ecloga
1135 3511 1239 3586 ‘reges

91 3623 119 3678 et
140 3613 273 3695 proelia'
302 3627 410 3672 canere
434 3629 466 3672 se
489 3619 643 3681 conatum,
674 3611 725 3674 sed
749 3611 786 3672 ab
809 3612 943 3692 Apolline
972 3619 1142 3673 revocatum
1173 3627 1238 3671 esse

92 3716 239 3796 Vergilius
262 3714 409 3792 significat
430 3731 456 3774 v.
481 3711 501 3775 3
525 3733 585 3793 sq,
611 3731 702 3793 supra
724 3714 820 3776 (locui.
867 3715 909 3776 Ex
939 3721 1082 3792 quartu
1110 3712 1232 3790 denique

90 3821 261 3900 Scbaperns
300 3816 495 3878 audacissima
536 3818 707 3878 coniectura
735 3817 881 3878 Pollionis
911 3818 1085 3878 memoriam
1118 3831 1237 3876 omnem

92 3922 233 4002 extirpari
256 3917 319 3980 vult
339 3917 496 3981 inferendo
511 3937 536 3978 v.
557 3915 595 3978 12
618 3919 701 3978 initio
724 3921 813 3980 orbis.
857 3920 921 3981 Non
945 3920 1023 3980 enim
1047 3917 1138 3984 alium
1155 3919 1239 3980 aurei

91 4023 168 4104 quod
190 4023 376 4104 promittitur
399 4019 510 4082 saeculi
532 4029 683 4082 auctorem
701 4011 824 4099 cogitari
840 4039 928 4101 posse
951 4021 1041 4082 sentit
1062 4022 1118 4082 nisi
1140 4022 1239 4099 ipsum

93 4129 254 4205 Augustum
278 4141 407 4202 eumque
430 4142 490 4185 non
513 4123 570 4186 alio
594 4130 728 4202 tempore
751 4125 807 4184 nisi
830 4124 932 4184 iuncto
948 4121 1078 4184 Marcelli
1102 4129 1131 4182 et
1148 4120 1239 4183 luliae

93 4229 281 4291 matrimonio
304 4244 330 4286 a.
355 4221 426 4306 tte.
482 4225 544 4304 Ego
578 4243 648 4285 rere
683 4242 742 4286 non
772 4224 875 4286 dubito
905 4226 974 4304 quin
989 4239 990 4244 ’
1006 4223 1128 4286 ultimae
1161 4221 1239 4285 illius

94 4334 194 4394 aetatis
216 4352 233 4392 a
257 4330 386 4392 Cumaea
409 4326 512 4407 sibylla
535 4328 706 4407 praedictae
728 4347 877 4396 srrrnmum
900 4327 1046 4390 vindicem
1069 4346 1104 4387 ac
1125 4327 1237 4406 praesi-

93 4431 155 4495 dem
177 4436 347 4512 Augustum
369 4429 473 4492 haberi
495 4429 622 4494 voluerit
644 4429 801 4510 Vergilius,
830 4437 860 4492 at
881 4431 963 4492 initia
988 4437 1047 4492 tam
1070 4427 1149 4490 beati
1172 4445 1237 4490 sae·
