2962 4904
544 367 790 410 accrescimus.
1200 345 1239 410 19

91 532 210 596 ridaten
232 535 325 596 tuisse
348 537 523 616 accepisset,
547 537 594 600 bis
614 536 714 600 verbis
734 555 806 599 usus
821 545 900 598 esset
915 536 951 598 tt
969 533 1025 598 18:
1049 534 1108 598 καί
1126 555 1240 608 τινος

97 633 225 716 Τηριδ
232 628 334 698 οἶτον
362 634 408 723 τῷ
430 632 570 722 Φραάτῃ
592 633 840 712 ἐπαναστάντος
863 659 893 702 τι.
917 659 945 700 τ.
969 637 999 700 t.
1051 640 1113 702 Nec
1135 639 1240 702 Iustini

92 748 197 802 auctor
225 741 343 818 Trogus
371 742 608 822 consanguineos
636 741 775 805 babuisse
803 742 934 813 videtur,
965 759 1032 802 nam
1061 741 1134 804 haec
1162 741 1239 822 apud

93 841 175 904 ilium
191 843 323 905 xxxxii
345 841 376 915 5,
399 841 589 931 bleguntur:
614 845 707 908 ‘boc’
732 845 783 920 (sc.
798 841 956 922 Phrabate)
979 843 1122 905 ‘absente
1137 861 1239 922 regem

93 945 196 1006 Parthi
221 947 389 1008 Tiridatem
411 950 562 1024 quendam
585 949 820 1009 constituerant’
844 966 870 1008 e.
894 965 923 1025 q.
947 966 970 1009 s.
995 955 1026 1008 ct
1048 965 1133 1008 mox:
1162 947 1240 1027 ‘quo

93 1047 212 1126 cognito
227 1047 392 1110 Phrahates
414 1048 527 1129 legatos
549 1051 647 1111 statim
670 1049 706 1110 ad
723 1048 879 1112 Caesarem
902 1049 999 1118 mittit,
1022 1065 1141 1110 sernum
1154 1065 1240 1110 suum

97 1148 262 1210 Tiridatem
285 1158 315 1210 et
337 1151 428 1215 tilium
451 1154 563 1214 remitti
586 1151 643 1214 sibi
664 1151 822 1232 postulat'.
854 1151 956 1230 ltaque
979 1169 1033 1212 nec
1056 1149 1092 1212 ad
1115 1168 1239 1230 eaquae

94 1270 170 1312 anno
194 1249 256 1313 724
278 1255 307 1313 in
331 1253 415 1334 Syria
439 1256 616 1317 Octavianus
638 1273 705 1316 cum
729 1254 845 1317 Parthis
875 1255 934 1333 egit
957 1252 1021 1332 (Dio
1043 1252 1078 1314 tt
1104 1249 1153 1333 18)
1183 1271 1239 1314 nec

93 1353 128 1412 ad
151 1371 186 1414 ea
210 1357 339 1431 quaein
362 1362 465 1418 senatu
489 1375 567 1418 anno
583 1355 642 1419 731
667 1351 825 1438 praesente
848 1357 914 1436 ipso
930 1353 1061 1417 Tiridate
1084 1362 1148 1416 acta
1170 1361 1239 1416 sunt

95 1455 158 1524 (bio
187 1455 251 1517 titt
281 1453 331 1536 33)
366 1459 475 1538 respici
508 1459 734 1522 adfirmaverim.
796 1457 917 1520 Fratres
953 1456 1076 1536 quidem,
1106 1458 1241 1518 novimus

92 1559 248 1620 Armenios
276 1560 422 1620 Artaxiam
453 1561 549 1641 (quern
575 1545 739 1623 Artabazes
762 1560 864 1622 Dionis
892 1558 1009 1622 codices
1035 1558 1112 1620 Lilll
1140 1555 1161 1619 9
1188 1577 1237 1639 ap-

93 1659 211 1740 pellant)
246 1669 275 1722 et
304 1661 474 1740 Tigranem,
507 1664 702 1734 Artavasdae,
739 1671 771 1724 ut
803 1657 922 1724 Tacitus
955 1681 1032 1724 ann·
1057 1660 1083 1721 il
1115 1658 1135 1722 3
1167 1679 1237 1741 per·
1323 1713 1325 1724 .

93 1761 183 1833 bibet,
212 1763 288 1824 iiiios
310 1762 393 1834 iilos,
423 1783 549 1844 quorum
574 1764 700 1828 alterurn
723 1774 755 1827 ut
778 1764 942 1846 expelleret
969 1781 1078 1843 regno,
1110 1761 1237 1825 alterum

93 1867 277 1937 restitueret,
308 1865 460 1928 Tiberium
494 1867 531 1928 ab
554 1868 686 1948 Augusto
719 1885 797 1929 anno
821 1864 884 1929 734
911 1867 1035 1928 missum
1058 1865 1127 1936 Dio,
1161 1867 1237 1928 occi·

92 1985 155 2029 snm
197 1975 296 2029 autern
335 1987 390 2048 per
428 1968 527 2033 dotum
565 1972 817 2052 propinquorum,
855 1975 1015 2048 antequam
1048 1970 1078 2030 in
1113 1986 1237 2048 regnum

92 2070 236 2150 Tigranes
258 2070 404 2132 deductus
427 2074 478 2144 sit,
509 2074 657 2134 Artaxiam
681 2091 745 2134 esse
767 2072 889 2135 Tacitus
915 2078 1027 2134 narrat.
1077 2069 1134 2131 Sed
1164 2087 1237 2148 quo·

93 2174 170 2234 niam
192 2191 251 2234 una
274 2192 343 2234 curn
365 2182 451 2253 patre
473 2174 597 2254 aliisque
625 2176 805 2255 iratribus*)
830 2175 975 2254 Tigranes
1003 2190 1082 2234 anno
1110 2168 1173 2233 720
1200 2169 1238 2232 ab

92 2277 218 2337 Antonio
241 2284 346 2356 captus
368 2275 634 2356 Alexandriamque
656 2280 769 2358 primo,
799 2284 904 2357 postea
931 2283 1049 2338 mortuo
1070 2275 1198 2336 Antonio
1221 2291 1236 2333 a

93 2379 217 2440 Caesare
241 2379 365 2439 Romam
388 2379 533 2440 deductus
556 2388 609 2446 est,
632 2399 710 2441 anno
733 2387 832 2442 autem
856 2376 919 2442 734
939 2379 1049 2440 ibidem
1072 2394 1237 2439 commorat·

93 2489 138 2542 tns
161 2499 228 2542 esse
251 2495 267 2540 a
291 2481 384 2543 bione
407 2481 548 2552 traditur,
578 2501 616 2544 ne
640 2484 718 2544 inter
740 2481 795 2544 bos
822 2482 943 2563 quidem
971 2483 1079 2543 iratres
1107 2481 1237 2560 flagrans

93 2583 238 2646 discordia
256 2583 385 2663 Vergilio
408 2582 456 2644 iiia
480 2601 548 2652 curn
571 2585 719 2647 scriberet
742 2583 878 2664 exemplo
893 2585 988 2646 fuisse
1003 2590 1112 2666 potest.
1136 2582 1237 2661 ltaque

93 2704 269 2766 quamquam
293 2705 353 2747 non
377 2703 463 2764 nego,
487 2705 576 2766 posse
599 2706 671 2749 suae
694 2688 798 2749 aetatis
813 2687 931 2748 dissidia
956 2695 985 2748 et
1006 2686 1176 2749 discrimina
1193 2692 1238 2746 sat

93 2787 181 2850 trinita
205 2790 233 2850 ei
256 2787 410 2850 obversata
434 2806 507 2858 esse,
540 2796 721 2852 tamennon
749 2809 874 2870 possum
903 2791 974 2870 quin
1003 2787 1120 2850 landem
1149 2787 1236 2849 sobo·

92 2890 205 2953 iiastam
229 2889 510 2972 Guelferbytanum,
540 2892 591 2971 qui
620 2911 656 2954 ex
686 2891 793 2954 iahniis
821 2893 1003 2953 Graecorum
1028 2890 1179 2953 Eteociern
1207 2896 1237 2949 et

92 2991 250 3075 Polynicen
273 2995 454 3064 excitaverit,
479 2992 586 3074 quibus
608 2994 735 3056 alterum
752 2996 832 3056 Atrei
857 3001 886 3055 et
900 2993 1039 3076 Thyestis
1060 3011 1115 3075 par
1137 2989 1236 3054 nobile

91 3095 198 3157 aridere
219 3103 348 3177 poterat.

173 3305 313 3366 Ceterum
338 3302 468 3364 riondrnn
492 3305 591 3364 omnia
614 3309 716 3383 pacata
741 3311 770 3364 et
793 3303 866 3364 laeta
882 3303 912 3363 in
930 3304 1010 3364 exitn
1026 3303 1152 3363 maxime
1168 3299 1236 3362 iibri

91 3406 337 3490 secundinescin
360 3425 435 3486 quae
459 3406 576 3468 tristitia
600 3402 673 3485 (539
695 3405 749 3486 sq.)
778 3405 907 3485 prodere
936 3405 1065 3474 ridetur,
1097 3422 1171 3483 qnae
1199 3404 1235 3464 ad

90 3511 156 3570 anni
180 3505 321 3588 'i24f125
344 3507 471 3569 hiemem
496 3508 567 3568 satis
589 3507 810 3568 accommodata
835 3519 906 3570 erat.

93 3715 392 3722 -0--—-.—.---

154 3855 182 3917 ²)
200 3853 254 3903 Dio
273 3849 458 3902 xxxxvttu
476 3853 510 3900 40
527 3845 577 3900 nui
596 3843 646 3900 τὸν
664 3841 805 3916 Ἀρμένιον
822 3845 894 3918 perri
913 3865 943 3902 τε
957 3849 1007 3916 τῆς
1026 3841 1163 3918 γυναικὸς
1184 3847 1234 3900 καὶ

88 3933 157 4004 μετὰ
176 3937 293 3990 παίδων
316 3926 403 4004 ἄγων.
440 3937 477 3986 cf.
497 3923 535 3986 Li
556 3936 600 3988 16:
631 3935 668 4001 τῷ
688 3927 852 4003 δὲἌρτοίξῃ
875 3930 943 3997 τούς
961 3928 1107 4001 adalmodis·
1131 3935 1234 3999 καίπερ

88 4018 240 4092 αἰτήσαντι
259 4013 313 4073 οὖα
332 4017 461 4090 ἔπεμψεν
487 4019 605 4084 (Caesar
626 4026 692 4088 post
713 4036 832 4088 pugnam
852 4019 995 4072 Actiacam
1021 4027 1125 4072 mortno
1150 4021 1234 4070 Anto-

89 4111 154 4178 nio),
170 4098 218 4162 Ιὅτι
237 4100 306 4168 τούς
325 4099 561 4172 ὑπολειφθέντας
577 4098 734 4174 Ῥωμαίους
752 4099 783 4159 ἕν
801 4105 835 4173 τῇ
853 4099 978 4174 Ἀρμενίᾳ
996 4097 1158 4159 ἀπεκτόνει.
1192 4108 1234 4159 Io·

89 4196 189 4262 sepbns
208 4197 297 4259 antiq.
316 4195 366 4245 XV
377 4195 403 4257 4,
423 4197 439 4246 3
456 4185 599 4260 Ἀρμενίας
612 4188 640 4241 δ’
654 4185 838 4257 ἐβασίλευσεν
848 4185 992 4258 Ἀρταξίας
1007 4186 1023 4245 ὁ
1041 4184 1234 4260 πρεσβύτατος

89 4279 143 4332 τῶν
162 4273 278 4332 ἐκείνου
297 4279 482 4344 (Artabanne)
500 4277 624 4343 παίδων,
646 4270 769 4342 διαδρὰς
788 4270 820 4330 ἐν
837 4277 876 4343 τῷ
893 4275 970 4330 τότε·
990 4275 1038 4330 καί.
1058 4277 1162 4332 τοῦτον
1179 4269 1233 4341 Ἀρ-

87 4363 187 4431 prauos
205 4364 253 4416 nori
275 4362 377 4429 Νέρων
395 4365 508 4428 Καῖσαρ
527 4357 695 4430 ἐκβαλόντες
716 4356 863 4429 Τιγράνην
882 4356 931 4415 τὸν
949 4355 1087 4427 νεώτερον
1104 4353 1234 4427 ἀδελφόν

88 4443 133 4502 ἐπὶ
151 4443 206 4518 τὴν
224 4449 374 4518 βασιλείαν
392 4443 565 4518 κατήγαγον.

877 4533 1027 4596 ,ρο
