2956 4906
231 323 292 387 174
676 309 919 391 anonneonnna.

229 531 348 574 sensum
371 521 403 574 ut
425 515 625 593 profiteretur,
656 513 781 576 sortasse
805 513 939 576 eiusdem
962 512 1042 574 illius
1066 511 1201 575 Caesellii
1225 515 1373 575 sententia

229 615 342 677 diversa
367 615 511 676 adductus
534 625 589 677 est.
634 615 669 676 Et
692 614 861 676 defenditur
883 614 968 676 locus
983 614 1118 694 culpatus
1133 613 1210 693 apud
1228 615 1372 687 Servium,

229 719 313 778 cuius
345 717 433 779 verba
462 719 525 797 ipsa
557 720 637 778 ‘non
666 725 711 778 est
733 718 915 778 eontrarium
944 716 987 776 illi
1016 714 1099 776 loco'
1132 735 1157 777 e.
1182 734 1210 794 q.
1234 735 1258 778 s.
1281 716 1372 778 Probi

227 819 337 880 iudicio
359 821 493 898 opposita
517 828 601 881 sunt:
632 819 702 899 quid
727 836 797 898 ergo
821 821 846 878 si
870 817 1043 879 Caesellium
1066 820 1096 878 in
1119 818 1297 880 lectionibus
1320 837 1372 879 an·

227 922 316 1001 tiquis
339 899 372 981 et'
390 920 462 982 illud
489 924 579 996 regis,
610 920 689 1000 quod
719 922 768 981 ‘in
792 919 929 981 omnihus
951 919 1038 981 bonis
1066 919 1176 981 dieitur
1202 921 1371 981 inventum'

228 1029 257 1082 et
279 1029 384 1101 poetae
406 1021 625 1100 neglegentiam
647 1021 790 1084 adversus
812 1020 943 1082 Probum
974 1040 1007 1082 ea
1037 1023 1100 1083 iere
1130 1023 1245 1082 ratione
1268 1020 1372 1082 delen·

227 1123 306 1185 disse
329 1123 471 1194 dicamus,
496 1141 584 1202 quam
608 1123 684 1204 apud
700 1124 835 1184 Servium
859 1125 1027 1185 etiamnunc
1048 1123 1196 1201 legimusi
1240 1121 1372 1184 Probum

227 1225 374 1304 Sulpicius
396 1228 427 1287 in
450 1243 486 1286 eo
509 1243 628 1305 quoque
652 1232 772 1286 secutus
795 1231 856 1294 est,
887 1225 965 1302 quod
995 1223 1104 1304 duplex
1134 1228 1146 1285 i
1170 1227 1201 1285 in
1231 1224 1373 1286 ‘subicit'

229 1329 284 1404 (ge.
309 1323 407 1406 1118)
437 1327 548 1389 ‘inice'
579 1330 659 1405 (hen.
689 1326 725 1387 Vl
754 1322 826 1400 366)
862 1326 1032 1388 ‘obicibus’
1062 1327 1118 1406 (ge.
1141 1323 1261 1404 11480)
1290 1344 1372 1387 com·

227 1429 375 1490 mendavit
399 1427 521 1506 (Gellius
543 1428 595 1490 llll
620 1425 680 1506 lt),
704 1446 764 1488 non
787 1437 886 1490 tamen
909 1435 942 1489 ut
964 1430 1125 1508 pervicisse
1147 1429 1281 1489 rideatur
1303 1445 1372 1488 sen-

227 1533 365 1592 tentiam:
400 1532 494 1591 nostri
524 1532 602 1591 enim
627 1529 696 1591 libri
724 1549 828 1592 omnes
856 1533 1006 1609 antiquam
1036 1532 1213 1610 scripturam
1242 1536 1370 1590 servant.

227 1631 284 1692 Sed
308 1631 357 1692 hic
380 1649 498 1711 quoque
514 1630 649 1710 Caesellii
672 1619 872 1693 adversarium
896 1617 988 1696 luisse
1006 1632 1169 1712 Sulpicium
1193 1650 1253 1700 non
1276 1633 1372 1710 suspi-

227 1732 351 1818 cabitur,
375 1735 426 1812 qui
449 1734 627 1804 meminerit,
650 1731 735 1794 illum
757 1752 877 1816 quiaque
899 1735 929 1794 in
953 1734 1162 1814 orthographia
1185 1751 1214 1813 p.
1238 1730 1321 1793 2317
1338 1733 1370 1794 P.

227 1836 410 1916 praecipere,
434 1834 512 1914 quod
528 1834 645 1897 Probus
661 1834 813 1905 docuerat,
836 1836 1023 1916 ‘Pompullus
1037 1836 1194 1916 Tarpeiius
1217 1836 1293 1895 eiius
1315 1852 1372 1913 per

225 1937 284 1998 duo
307 1937 327 1998 ii
349 1936 523 1998 seribenda'
548 1955 623 1998 esse.
927 1931 930 1940 “

311 2037 391 2099 ldem
408 2038 559 2118 Sulpicius
575 2039 727 2119 exemplar
741 2038 881 2101 Aeneidis
904 2041 965 2100 sive
987 2058 1003 2100 a
1025 2056 1057 2100 se
1079 2041 1144 2119 ipso
1167 2039 1230 2098 sive
1252 2035 1290 2098 ab
1312 2035 1371 2097 alio

225 2138 341 2218 aequali
364 2148 446 2201 certe
474 2143 660 2219 recognitum
690 2147 720 2201 et
747 2143 961 2221 epigrammate
990 2141 1118 2209 ornavit,
1148 2138 1227 2219 quod
1255 2141 1285 2199 in
1313 2140 1372 2198 vita

226 2241 390 2321 Vergiliana
414 2241 451 2302 de
480 2245 694 2304 commentario
718 2244 822 2303 Donati
849 2242 964 2303 sublata
994 2250 1140 2304 servatum
1169 2248 1214 2301 est
1237 2241 1370 2320 (Sueten.

225 2343 289 2404 rell.
319 2362 347 2422 p.
372 2341 413 2404 (53
436 2343 536 2404 hein:
571 2345 608 2404 cl.
639 2344 710 2405 ibid.
740 2362 769 2424 p.
792 2341 849 2415 54,
873 2341 894 2403 2
917 2361 982 2422 sqq.
1013 2352 1042 2404 et
1069 2352 1194 2420 quaestt.
1224 2343 1385 2408 Suetonn.

223 2441 312 2523 399),
342 2451 371 2505 et
397 2447 429 2505 in
458 2445 589 2524 singulos
618 2445 710 2506 libros
733 2447 914 2524 argumentis
937 2445 1117 2506 iterastichis
1145 2447 1188 2520 tiu.
1208 2445 1373 2506 Burmanni

225 2546 337 2606 anthol.
367 2547 391 2607 ll
417 2543 492 2617 194,
523 2547 601 2626 apud
625 2547 659 2608 H.
683 2548 832 2628 hleyernm
863 2565 892 2607 n.
915 2543 993 2608 223:
1023 2549 1060 2608 el.
1086 2547 1117 2608 l..
1140 2547 1264 2609 Mueller
1292 2567 1370 2611 mus.

226 2647 318 2708 eren.
345 2647 411 2708 xlx
436 2644 506 2708 120.
533 2645 619 2728 122),
650 2657 682 2709 ut
710 2647 893 2727 singularum
924 2649 1058 2711 Terentii
1086 2649 1254 2711 tabularum
1283 2667 1371 2728 argu·

225 2755 322 2809 menta
352 2749 433 2816 idem
461 2735 607 2810 duodenis
640 2751 768 2811 senariis
801 2753 949 2812 enarravit
983 2759 1013 2812 et
1044 2751 1202 2831 quindenis
1234 2751 1372 2814 versibus

224 2849 359 2911 Plautina
383 2869 501 2930 moque
524 2860 699 2930 argumenta
729 2853 992 2932 comprehendisse
1019 2851 1103 2913 valde
1130 2852 1326 2933 probabiliter
1354 2873 1370 2914 a

224 2951 386 3013 Hitschelio
416 2953 549 3033 prolegg.
574 2953 658 3016 Triu.
681 2974 711 3034 p.
735 2953 896 3016 CCCXVlll
925 2956 1072 3016 statuitur.
1122 2956 1201 3033 Ergo
1230 2956 1371 3035 princeps

224 3056 289 3115 lere
313 3073 415 3116 eorum
439 3054 603 3125 habendus,
633 3057 684 3135 qui
706 3063 808 3135 postea
833 3055 1067 3135 Vergilianorum
1090 3065 1259 3135 poematum
1283 3075 1370 3135 argu·

222 3164 321 3218 menta
357 3157 487 3218 breviter
520 3157 700 3219 adumbrare
735 3159 822 3219 variis
856 3156 971 3219 lusibus
1004 3167 1207 3220 certaverunt:
1249 3159 1285 3220 cl.
1317 3178 1370 3220 an·

222 3259 295 3319 thol.
325 3258 387 3320 Lat.
418 3261 579 3320 llurmauni
602 3257 652 3320 lib.
678 3259 703 3320 ll
732 3256 898 3321 188-195
921 3263 1001 3320 etin
1025 3259 1092 3319 add.
1116 3262 1188 3320 tomi
1211 3260 1236 3321 ll
1252 3279 1281 3340 p.
1296 3259 1369 3323 726.

225 3360 316 3421 Notas
339 3362 457 3421 criticas
480 3359 644 3440 exemplari
666 3379 721 3422 suo
737 3361 899 3440 Sulpicium
923 3359 1078 3428 addidisse.
1103 3380 1162 3440 quo
1184 3365 1370 3442 grammatici

221 3469 323 3539 postea
348 3463 393 3521 usi
424 3464 498 3530 sint,
533 3462 769 3523 Graelenhanius
798 3460 816 3522 l.
847 3462 865 3522 l.
890 3465 1032 3531 coniecit,
1066 3464 1118 3523 sed
1153 3481 1212 3523 non
1246 3464 1370 3525 demon·

221 3564 332 3621 stravit.

744 3800 767 3888 s
792 3799 840 3871 13.

305 3969 346 4037 lle
369 3977 495 4039 Helenio
517 3980 650 4052 Acrona,
676 3978 810 4039 Terentii
835 3985 864 4038 et
886 3977 999 4038 Horatii
1022 3985 1261 4041 commentatore
1284 3977 1371 4039 nobi·

221 4076 341 4146 lissima,
365 4097 454 4158 quem
478 4087 611 4141 extremo
635 4080 698 4140 lere
714 4079 833 4140 saeculo
850 4097 877 4158 p.
895 4078 963 4140 Chr.
982 4080 1113 4141 secundo
1130 4082 1236 4142 vixisse
1249 4079 1369 4141 Schott-

220 4177 384 4239 muellcrus
420 4179 466 4258 (do
490 4182 519 4241 C.
544 4180 630 4241 Plinii
655 4181 784 4241 Secundi
820 4179 906 4241 libris
939 4183 1139 4258 grammaticis
1169 4182 1230 4260 lp.
1252 4177 1305 4262 32)
1340 4193 1371 4243 et

221 4281 392 4341 Hermanno
422 4281 554 4342 Usenero
584 4282 629 4359 (de
659 4283 781 4344 scholiis
809 4283 879 4343 Hor.
909 4301 938 4362 p.
964 4283 1023 4363 Vll)
1052 4282 1180 4344 etmihi
1209 4285 1370 4363 persuasit,

221 4384 340 4442 tunicum
365 4382 443 4458 quod
467 4383 502 4442 ad
527 4384 687 4460 Vergilium
710 4393 826 4464 spectet
847 4386 1049 4446 testimonium
1080 4403 1115 4444 ex
1140 4385 1243 4445 Servio
1266 4385 1370 4446 elicuit
