2956 4906
540 369 786 412 rucrcsaourus.
1176 348 1236 412 177

175 539 363 616 Etprorsus
391 536 518 614 quadrat
546 537 581 597 ad
612 538 675 598 eius
703 538 910 597 auctoritatem
942 536 1022 614 quod
1051 553 1096 613 ge.
1121 533 1236 597 111188

92 643 182 701 ambo
206 641 305 700 ‘iuxta
330 638 464 699 ebrium’
487 639 579 700 luisse
602 636 732 704 dicitur„
748 657 813 698 eum
830 637 987 699 Helenium
1002 641 1147 699 doronem
1170 637 1240 698 huic

89 743 148 820 ipsi
174 742 287 800 iormae
311 739 499 801 adversatum
522 741 614 801 luisse
636 759 725 819 supra
755 748 952 806 memoratum
981 741 1027 800 sit.
1079 739 1141 800 Nec
1167 737 1238 799 illud

91 861 152 904 non
176 840 347 922 probabile,
378 839 675 928 VerriumFlaeoum
700 840 819 919 Vergilii
849 843 982 902 carmina
1004 843 1113 902 insuo
1135 841 1238 902 saltem

92 942 256 1024 exemplari
280 951 310 1004 et
331 962 399 1003 cum
422 943 543 1003 doceret
565 945 596 1003 in
618 941 718 1004 schola
740 942 871 1003 Palatina
896 943 1028 1021 (Sueton.
1052 943 1089 1002 de
1112 961 1238 1020 gramm.

93 1043 144 1126 17)
169 1044 373 1106 emendavisse
397 1044 678 1124 emendationesque
701 1047 764 1105 eius
786 1044 830 1105 vel
851 1046 1045 1123 transcriptas
1062 1043 1106 1104 vel
1122 1064 1137 1104 a
1155 1044 1240 1104 disci·

91 1147 172 1227 pulis
187 1147 299 1208 calamo
316 1153 455 1224 exceptas
469 1147 501 1206 in
517 1146 590 1206 alios
606 1147 725 1208 codices
741 1153 770 1206 et
786 1149 818 1206 in
832 1147 1061 1207 commentarios
1077 1147 1240 1207 transiisse.

92 1249 156 1311 Nec
178 1249 286 1310 desunt
307 1250 338 1308 in
361 1249 471 1309 nostris
494 1249 581 1308 etiarn
597 1248 718 1308 scholiis
736 1247 878 1326 exempla,
904 1248 1013 1325 quibus
1027 1249 1120 1327 ipsius
1135 1257 1241 1326 poetae

93 1351 189 1411 nostri
211 1349 293 1410 locos
314 1349 459 1430 quosdam
483 1349 519 1410 ab
541 1349 593 1409 illo
615 1348 779 1410 illustratos
802 1369 869 1410 esse
891 1349 1035 1428 probetur
1060 1350 1094 1429 (e.
1111 1367 1140 1428 g.
1158 1349 1240 1410 Serv.

92 1455 167 1514 Aen.
184 1451 223 1510 XI
241 1448 301 1512 143
324 1451 378 1512 ecl.
396 1449 445 1510 Vll
460 1446 522 1527 53).
553 1449 610 1512 Sed
628 1449 700 1511 baec
723 1452 820 1513 omnia
843 1467 930 1529 quam
953 1453 1066 1512 incerta
1089 1455 1149 1512 sint
1163 1449 1241 1511 baud

94 1552 249 1614 dissimulo
273 1571 328 1613 nec
352 1552 539 1622 contradico,
568 1555 593 1614 si
622 1555 689 1632 quis
712 1555 844 1614 Hebrum
874 1553 917 1614 rel
941 1555 1084 1615 Hebrium
1107 1554 1240 1631 ignotum

93 1657 246 1715 hominem
269 1656 348 1714 inter
372 1654 491 1732 Vergilii
515 1654 646 1715 editores
669 1655 783 1715 relerre
807 1657 898 1715 tutius
920 1655 1046 1717 duxerit.

622 1907 645 1988 r
670 1907 718 1970 14.

183 2079 398 2151 Haterianum,
426 2094 515 2154 quem
539 2079 650 2138 Iulium
678 2077 762 2138 illum
784 2078 890 2147 luisse,
919 2079 1004 2138 cuius
1033 2077 1069 2137 de
1092 2079 1244 2138 Victorino

97 2163 280 2261 imperatore
302 2180 443 2240 indicium
471 2181 502 2239 iu
531 2181 649 2257 triginta
680 2188 872 2260 tyrannorum
901 2179 1025 2240 lrisloria
1053 2198 1118 2258 cap.
1141 2175 1161 2240 5
1185 2179 1244 2238 lan·

98 2285 196 2352 datur,
221 2283 457 2343 Graelenbanius
481 2280 531 2342 llll
555 2279 618 2342 304
640 2283 782 2350 coniecit,
807 2301 866 2341 non
890 2281 1109 2341 Veronensibus
1130 2287 1244 2341 tantum

99 2384 239 2453 scholiis,
274 2383 327 2444 sed
350 2383 493 2444 lllacrobii
526 2402 644 2463 quoque
677 2386 821 2443 memoria
854 2384 988 2443 norimus
1020 2385 1245 2461 grammaticum

100 2486 181 2548 baud
197 2485 457 2554 contemnendum,
480 2488 531 2563 qui
547 2485 693 2546 Aeneidos
714 2493 827 2546 textum
844 2494 872 2546 et
889 2483 1054 2546 emendarit
1070 2494 1100 2545 et
1114 2485 1247 2545 distinxit

102 2596 132 2648 et
153 2571 319 2648 illustravit.
376 2592 416 2647 Ac
445 2589 575 2668 primum
604 2586 811 2665 dignissimum
834 2590 910 2648 scitu
934 2594 993 2656 est,
1025 2585 1106 2667 quod
1126 2585 1247 2647 AenX

100 2687 164 2749 243
188 2689 314 2749 candem
335 2689 513 2766 scripturam
537 2693 602 2763 lpnr'
622 2693 765 2750 irroratum
788 2690 965 2765 [prepotens
986 2686 1122 2765 probarit
1145 2695 1173 2748 et
1195 2706 1246 2747 ex·

102 2791 239 2870 placavit,
273 2789 400 2866 quaein
424 2789 644 2851 Veronensibus
667 2791 786 2851 schedis
809 2798 902 2859 extat,
933 2790 1011 2850 unde
1033 2792 1165 2850 nascitur
1197 2808 1246 2849 su·

103 2894 211 2971 spicio,
242 2893 329 2952 etiam
354 2889 447 2968 plura,
472 2907 547 2967 quae
570 2891 730 2969 peculiaria
754 2893 841 2953 huius
864 2891 975 2952 codicis
997 2892 1073 2966 sint,
1102 2890 1139 2950 ad
1159 2890 1246 2950 Hale-

105 2997 179 3054 riani
201 2993 405 3054 auctoritatem
429 2992 538 3052 redire.

190 3097 230 3155 lle
253 3095 443 3156 distinctione
470 3096 616 3174 quaesivit
647 3094 777 3154 adden.
802 3094 839 3154 lX
863 3090 923 3154 397
955 3093 1086 3171 (‘lraude
1115 3093 1188 3162 loci,
1220 3102 1249 3154 et

105 3199 202 3259 noctis
223 3196 321 3257 subito
345 3197 482 3257 turbante
505 3196 652 3257 tumultu’
681 3214 718 3256 an
742 3196 862 3258 ‘fraude
886 3193 943 3254 loci
967 3203 996 3254 et
1018 3197 1127 3263 noctis,
1152 3193 1249 3254 subito

105 3307 125 3358 t.
152 3303 190 3358 t.’
213 3317 238 3357 r.
263 3297 357 3358 schol.
375 3295 503 3376 Veron),
528 3316 604 3377 quae
621 3297 741 3358 Servius
764 3298 919 3358 contraxit.
951 3295 1036 3366 llunc
1060 3298 1138 3355 enim
1162 3313 1248 3355 usum

106 3399 272 3461 esseillius
300 3401 514 3460 commentario
542 3395 630 3461 eliam
661 3399 725 3460 aliis
756 3398 827 3458 locis
854 3398 1089 3458 demonstratur:
1122 3415 1190 3456 nam
1220 3406 1250 3456 et

106 3505 178 3563 den.
203 3497 313 3562 11558
338 3502 421 3560 ‘sine
445 3504 564 3562 nomine
587 3505 712 3581 corpns’
735 3501 840 3562 eodem
862 3509 896 3560 nt
915 3498 965 3560 ille
988 3499 1076 3559 modo
1094 3509 1126 3560 ut
1141 3518 1248 3560 nornen

106 3626 161 3687 pro
183 3606 258 3665 lacie
282 3603 393 3662 dictum
410 3605 589 3679 statueret*)
612 3603 767 3683 explicavit
789 3602 874 3664 etad
900 3602 1032 3662 eiusdem
1054 3601 1121 3662 libri
1146 3621 1169 3662 v.
1187 3598 1250 3662 632

105 3709 328 3770 adnotationem
352 3705 552 3766 doctissimam
574 3705 705 3766 indidem
727 3705 915 3785 compilatam
938 3723 1005 3766 esse
1027 3723 1152 3783 prorsus
1175 3706 1249 3763 reri·

104 3809 203 3872 simile
225 3812 258 3870 lit
281 3808 361 3870 Calvi
384 3807 531 3886 exemplo,
555 3807 631 3883 quod
656 3827 694 3867 ne
717 3807 794 3885 apud
811 3808 945 3866 Serrium
962 3806 1081 3885 quidem
1098 3805 1250 3882 deest**).

171 4080 196 4143 *)
216 4081 258 4135 Cf.
279 4079 365 4133 schol.
379 4081 479 4132 Veron.
500 4079 534 4128 ad
553 4079 620 4132 Aen.
640 4078 693 4130 VII
710 4079 760 4129 337
779 4093 837 4127 oum
852 4078 956 4132 Servio.
992 4078 1073 4130 Nonii
1091 4091 1198 4142 qnoque
1216 4076 1250 4127 de

105 4168 201 4215 oramine
219 4165 318 4215 titulus
337 4181 363 4230 p.
383 4166 441 4226 354,
462 4166 493 4214 15
513 4181 546 4214 ex
571 4165 665 4229 aliquo
689 4165 887 4214 commentario
905 4164 1068 4230 Vergiliano
1092 4163 1251 4228 desumptus

104 4247 224 4298 videtur:
244 4264 307 4298 narn
327 4248 423 4298 eadem
442 4265 513 4313 quae
532 4249 593 4299 illio
613 4248 947 4313 exempladen.V1133'l
966 4249 993 4298 ΙΙ
1006 4250 1056 4299 558
1075 4241 1249 4307 adferuntur,

155 4331 198 4396 **)
218 4332 377 4383 Macrobius
397 4333 591 4397 sot.1118,2
615 4333 822 4384 ‘nonnullorum
841 4347 911 4397 qnne
936 4333 1119 4383 scientissime
1143 4331 1251 4396 prolato

103 4422 168 4466 sunt
186 4417 258 4467 male
277 4417 448 4467 enuntiando
467 4418 663 4483 corrumpimus
682 4417 856 4483 dignitatem,
875 4422 905 4466 ut
925 4417 1036 4483 quidem
1055 4416 1151 4480 legunt
1170 4414 1249 4478 (Aen.

154 4517 289 4564 crassos,
310 4517 468 4556 raocaoou.
1005 4499 1048 4562 12
