3038 4912
558 353 801 396 nsocuoouann.
1014 315 1025 370 l
1215 329 1257 397 95

106 526 212 593 sisset,
243 541 301 584 non
326 523 473 602 potuisset
495 521 630 600 prolecto
660 521 718 582 alio
746 539 832 583 soror
854 539 943 583 sensu
966 522 1103 601 accipere
1125 522 1182 582 nisi
1205 541 1256 583 eu·

109 624 223 686 mulum
248 626 359 703 gratiae
383 629 510 684 mortem
527 622 672 684 Didonem
694 642 777 685 suam
801 623 967 686 addituram
991 642 1065 694 esse,
1089 625 1174 685 cuius
1188 642 1257 703 pro·

109 728 195 788 missi
218 729 404 788 atrocitatem
429 728 496 804 quis
518 745 578 787 non
602 726 725 786 miretur
741 725 853 787 Annam
872 745 910 786 ne
925 725 1016 786 verbo
1031 725 1150 808 quidem
1174 743 1257 786 aver·

109 836 202 890 satam
225 829 336 890 luisset
380 829 474 889 Immo
497 845 621 914 magnos
648 829 762 888 conieci
791 829 922 906 reginam
945 828 1120 907 promisisse
1142 835 1258 889 uiantes

110 932 174 992 arari
198 932 373 1009 argentique
402 929 588 1008 aliorumque
616 931 818 1008 praemiorum
847 931 879 989 in
907 937 966 990 tam
996 930 1093 1007 exigui
1121 929 1257 991 beneficii

110 1033 244 1110 gratiam.
297 1032 339 1092 Cl.
357 1032 440 1092 Pers.
465 1032 503 1092 lll
526 1027 568 1093 65
591 1031 651 1112 (nbi
675 1051 699 1091 v.
725 1031 759 1092 Ο.
785 1031 865 1110 labri)
895 1029 989 1091 Plauti
1011 1029 1073 1090 mil.
1086 1031 1148 1090 -llll
1170 1028 1200 1099 2,
1217 1028 1258 1092 73

110 1134 179 1194 Ter.
209 1129 335 1194 PbormJ
353 1132 365 1193 l
386 1129 421 1201 2,
452 1131 501 1194 18.
552 1133 593 1194 ne
629 1133 794 1194 litterarum
829 1141 926 1192 antem
960 1131 1113 1210 archetypi
1147 1132 1257 1192 codicis
1291 1141 1300 1150 '

111 1235 301 1313 ambignitate
328 1233 406 1295 inlra
434 1236 473 1296 ita
500 1233 671 1312 disputabo,
695 1231 735 1315 :nt
762 1232 800 1295 de
827 1232 1038 1314 probabilitate
1068 1235 1257 1294 coniecturae

112 1354 187 1414 (prae
216 1337 323 1398 dicitur
351 1345 472 1397 externa
496 1335 625 1396 dubitari
647 1343 784 1414 nequeat.

198 1438 278 1499 brios
301 1435 464 1499 versiculos
487 1437 596 1516 quibus
619 1439 753 1514 quintum
778 1435 886 1520 librum
911 1436 1099 1498 concluserat
1114 1437 1259 1515 Vergilius

112 1539 191 1618 qnod
225 1542 344 1600 initium
379 1541 454 1600 sexti
489 1557 554 1600 esse
590 1538 759 1600 maluerunt
791 1541 888 1608 amici,
921 1540 946 1599 si
968 1539 1088 1600 llomeri
1124 1539 1259 1618 exemplo

110 1642 150 1721 lq.
174 1642 204 1720 ν)
229 1650 342 1702 tantum
366 1649 507 1719 quantum
531 1641 653 1702 Servius
682 1641 866 1710 tribuerunt,
895 1660 954 1702 uon
978 1640 1257 1711 animadverterunt,

109 1746 161 1822 qni
192 1744 348 1805 Horiierica
376 1744 509 1804 carmina
538 1741 725 1822 collegerunt
752 1741 825 1802 baec
861 1743 981 1804 exordia
1010 1762 1077 1804 cum
1107 1745 1259 1821 sequentis

110 1847 252 1906 orationis
274 1843 323 1905 filo
347 1846 386 1905 ita
409 1846 471 1904 sive
494 1846 576 1924 ipsos
599 1846 789 1904 contexuisse
810 1847 870 1906 sire
886 1852 1021 1906 contexta
1045 1847 1203 1913 invenisse,
1227 1853 1259 1905 ut

110 1947 242 2026 separari
264 1946 335 2007 inde
363 1965 423 2006 non
457 1954 589 2024 possent.
642 1945 725 2017 Quod
755 1944 841 2006 aliter
869 1948 995 2007 instituit
1018 1945 1178 2024 Vergilius,
1209 1948 1259 2023 qui

110 2049 230 2109 tertium
247 2065 371 2127 quoqne
394 2046 505 2108 librum
528 2049 570 2108 sic
593 2047 697 2108 finivit:
722 2048 784 2107 ‘sic
807 2053 891 2123 pater
905 2048 1049 2116 Aeneas',
1074 2046 1109 2107 ad
1126 2049 1258 2125 reginam

111 2157 210 2210 antem
227 2150 369 2229 sequenti
386 2148 505 2210 demum
522 2150 646 2218 transiit,
663 2149 733 2228 item
750 2156 888 2228 quartum
903 2148 962 2210 bis:
987 2151 1047 2209 ‘sic
1063 2152 1119 2210 oit’
1137 2167 1163 2208 e.
1181 2167 1206 2226 q.
1225 2169 1259 2217 s,

112 2259 143 2311 et
165 2250 302 2312 similiter
326 2249 483 2312 decimum.
516 2250 619 2330 ltaque
641 2249 806 2312 laudandus
828 2250 945 2312 videtur
959 2249 1084 2320 Probus,
1109 2250 1187 2330 quod
1210 2270 1258 2311 or·

112 2351 212 2412 dinem
235 2371 251 2411 a
273 2359 361 2432 poeta
383 2352 521 2414 relictum
548 2353 667 2413 restitui
687 2351 787 2422 voluit,
811 2370 989 2431 quamquam
1012 2371 1068 2412 nec
1091 2355 1189 2430 magni
1213 2371 1259 2413 re·

113 2452 227 2514 terebat
249 2472 304 2515 nec
328 2456 426 2516 secuti
449 2456 513 2514 eius
528 2455 732 2515 annositatem
759 2461 829 2515 sunt
850 2455 902 2535 qni
917 2462 1035 2515 nostros
1051 2453 1168 2514 codices
1190 2473 1259 2515 con·

20 2611 38 2634 ,,
113 2557 309 2634 scripserunt.
341 2557 485 2616 Vitiosum
510 2557 598 2626 euim,
622 2565 655 2617 nt
675 2556 752 2636 apud
769 2556 963 2618 Servium'ad
978 2557 1050 2618 Aen.
1068 2555 1120 2617 llll
1138 2555 1152 2615 l
1172 2563 1259 2625 extat,

113 2677 149 2718 ex
172 2656 301 2735 abrupto
324 2660 481 2718 transitum
504 2658 669 2719 iudicantes
707 2656 822 2719 vinculo
844 2657 941 2736 aliquo
965 2659 1104 2736 coniungi
1126 2659 1205 2719 inter
1228 2677 1260 2718 se

114 2759 204 2820 libros
227 2777 345 2837 qnoque
368 2758 534 2820 voluerunt.
573 2761 616 2821 Gi.
642 2759 724 2820 Serv.
752 2759 787 2821 ad
811 2759 851 2820 lll
875 2757 904 2819 1.

138 2927 143 2932 ,
198 2861 386 2923 Sebedarum
420 2865 622 2941 versuumque
652 2861 788 2922 ordinem
817 2860 992 2940 aliquotiens
1019 2863 1078 2922 iam
1111 2880 1126 2922 a
1156 2863 1261 2942 primis

114 2961 279 3025 editoribus
301 2963 453 3025 turbatum
479 2964 597 3023 esseio
621 2962 737 3024 emend.
762 2961 870 3041 Vergil.
894 2960 923 3023 6.
950 2960 990 3023 10
1004 2980 1067 3044 sqq.
1093 2966 1261 3042 suspicatus

112 3083 192 3135 sum,
223 3083 352 3142 qnorum
385 3064 421 3126 ab
453 3083 544 3143 opera
574 3067 599 3126 si
627 3073 798 3125 nostrorum
828 3063 962 3124 codicum
987 3067 1070 3142 origo
1098 3066 1259 3144 repetenda

113 3168 167 3233 sit,
200 3184 304 3245 parum
328 3169 449 3227 omnino
472 3175 610 3228 accurate
634 3173 664 3226 et
685 3163 848 3247 prudenter
871 3167 970 3227 officio
999 3168 1116 3228 lauricius
1143 3167 1254 3228 iudica·

114 3285 215 3328 verim.
