2956 4906
655 342 898 385 Pnouuuotttttta.

742 727 817 812 §n

294 969 402 1030 Valerii
426 967 517 1031 Probi
546 969 638 1048 copiis
668 987 737 1030 usus
769 977 813 1029 cst
835 972 960 1030 Flauius
983 971 1083 1046 Caper
1111 970 1158 1047 (cl.
1182 968 1218 1028 H.
1242 966 1355 1028 lleilius

210 1090 335 1151 gramm.
359 1071 433 1132 Lall.
464 1070 520 1131 vol.
544 1071 597 1132 llll
620 1072 711 1150 prael.
736 1070 836 1131 lIVIll.
860 1069 963 1147 XXV),
1011 1073 1062 1148 qui
1090 1072 1120 1130 in
1155 1070 1356 1149 grammatius

209 1172 295 1234 libris
317 1171 418 1233 ‘dubii
440 1174 578 1251 generiS'
602 1179 630 1232 ct
653 1169 817 1232 ‘enucleati
835 1173 998 1233 sermonis’
1024 1179 1053 1231 et
1068 1191 1143 1251 rpuos
1158 1172 1195 1232 de
1211 1171 1355 1232 lahnitate

211 1273 299 1337 etde
322 1275 541 1353 praepositione
563 1293 602 1335 ex
625 1275 802 1352 conscripsit
824 1281 853 1335 et
876 1276 906 1334 ln
929 1273 995 1334 aliis
1018 1275 1145 1335 sortasse
1168 1276 1207 1334 lta
1224 1291 1294 1333 usus
1311 1279 1357 1332 est

210 1375 330 1455 Vergilii
346 1376 537 1446 carminibus,
561 1382 592 1438 ut
614 1375 766 1456 explorata
789 1374 834 1434 vel
856 1375 921 1453 lege
937 1377 1129 1454 grammatica
1152 1375 1197 1436 vel
1220 1373 1355 1435 vocabuli

210 1480 239 1538 vi
260 1475 348 1539 modo
371 1478 408 1539 de
430 1479 577 1539 sententia
600 1476 785 1556 singulorum
809 1476 944 1538 locorum
967 1476 1055 1538 modo
1079 1477 1115 1538 de
1140 1485 1221 1538 textu
1246 1477 1356 1537 cousti-

211 1580 321 1641 tuendo
344 1579 517 1659 disputaret.

296 1681 459 1743 VindIoavit
485 1682 575 1759 igitur
603 1682 675 1742 hen.
705 1681 731 1742 X
758 1679 819 1742 377
848 1681 986 1742 traditam
1015 1683 1193 1760 scripturam
1229 1685 1358 1757 ‘maeno

212 1782 323 1845 claudit
344 1801 400 1844 nos
422 1785 504 1844 obt'ce
525 1786 653 1862 pontus’
677 1783 717 1864 (in
740 1783 824 1844 libris
846 1782 928 1844 dubii
951 1784 1087 1862 generis:
1112 1782 1177 1844 vide
1200 1782 1357 1860 Servium),

213 1883 450 1946 emendationem
479 1883 586 1964 Hygini
608 1887 680 1944 hen.
710 1883 761 1945 llll
791 1882 852 1945 120
881 1883 988 1945 ‘velati
1014 1887 1101 1945 limo'
1131 1884 1357 1945 commendavit.

212 1988 310 2050 liscilo
332 1984 454 2047 Homeri
477 1985 613 2064 exemplo
635 1987 748 2046 rectius
770 1987 984 2066 Interpretatus
1006 1994 1051 2047 est
1073 1983 1191 2047 177709
1214 1987 1359 2062 ‘ch'peum

213 2107 305 2168 super
319 2088 434 2150 intonat
447 2087 616 2166 ingens'*),
633 2087 713 2148 ‘oum
729 2087 766 2148 de
781 2089 1003 2167 praepositione
1017 2106 1057 2149 ex
1072 2091 1224 2149 tractaret’
1242 2086 1358 2166 (Seru),

213 2191 292 2252 idem
324 2197 424 2251 tamen
456 2195 612 2269 argutatus
647 2188 685 2250 dc
707 2185 828 2252 71545
862 2188 959 2251 verbis
990 2188 1135 2268 ‘explebo
1169 2194 1358 2259 numerum'‚

214 2291 267 2354 ubi
288 2299 463 2372 aspernatus
486 2290 734 2371 simplicissimam
758 2299 787 2352 et
809 2293 896 2352 unice
920 2310 1019 2353 veram
1043 2291 1279 2370 explicationem,
1303 2309 1360 2371 qua

216 2393 422 2474 completurus
445 2393 617 2454 umbrarum
634 2411 793 2453 numerum
809 2392 980 2472 Deiphobus
995 2391 1133 2462 babetur,
1157 2379 1228 2455 satis
1244 2401 1361 2454 cetero·

216 2479 274 2577 qui
289 2494 375 2556 docte
398 2513 432 2570 ac
454 2493 602 2556 subtiliter
625 2502 655 2555 et
676 2493 764 2554 Ennii
787 2493 923 2572 exemplo
946 2513 1029 2555 suam
1053 2494 1222 2555 defendisse
1247 2494 1362 2556 videtur

216 2597 393 2659 senteutiam
417 2602 447 2656 et
468 2594 598 2673 reliquas
621 2596 796 2660 refutavisse
820 2595 854 2675 (v.
872 2595 977 2674 Seru).
1002 2595 1151 2657 ‘Allecto’
1167 2616 1284 2666 „nomen
1302 2595 1361 2674 (Vll

216 2695 444 2779 enormium
473 2698 602 2758 narravit
633 2703 827 2777 monoptoton
857 2705 963 2776 putare
987 2697 1147 2778 (CharIsius
1169 2695 1211 2759 94
1233 2699 1265 2760 P.
1291 2695 1362 2768 118,

218 2799 235 2861 1
259 2799 314 2880 lh).
360 2799 393 2860 In
416 2797 525 2869 libello,
549 2801 600 2877 qui
622 2801 653 2859 iu
675 2798 806 2860 Putscbii
829 2816 956 2879 corpore
979 2806 1066 2871 extat,
1090 2799 1127 2860 de
1150 2799 1363 2880 orthographia

218 2921 247 2982 p.
269 2897 356 2963 2250
377 2899 521 2981 probatur
544 2904 635 2976 opilio
657 2903 804 2980 scriptura
828 2901 913 2981 (quae
937 2900 991 2962 ecl.
1007 2901 1033 2962 x
1051 2898 1090 2962 19
1106 2901 1230 2963 Palatini
1253 2923 1292 2963 m.
1316 2923 1362 2982 pr.

219 3003 271 3082 cst)
295 3021 367 3082 prae
390 3000 481 3063 altera
503 3005 598 3080 upilio
628 3003 668 3080 (in
692 3003 788 3080 hta).
825 3003 884 3063 Sed
914 3004 1127 3064 commentario
1150 3002 1271 3080 Vergilii
1299 3023 1363 3064 car·

219 3106 299 3166 mirra
320 3112 512 3183 persecutum
542 3123 608 3165 esse
636 3106 701 3166 iure
724 3112 908 3184 negaverunt
930 3105 1074 3183 Suringar
1101 3123 1131 3184 p.
1154 3101 1217 3166 218
1247 3122 1310 3185 sqq.
1336 3115 1366 3167 et

219 3204 401 3268 Hitschehus
423 3207 544 3284 Parerg.
568 3203 640 3268 361.

289 3545 447 3613 ¹³)Servius
469 3547 538 3600 Aen.
561 3547 601 3596 tx
624 3547 673 3596 709
696 3548 762 3594 ‘aut
784 3546 844 3610 ipse
867 3543 966 3609 iugens
992 3561 1075 3611 super
1099 3545 1225 3612 clypeum
1249 3548 1367 3612 intonet,

223 3633 388 3698 octingena
406 3631 534 3696 clypeum
552 3645 636 3696 super
654 3630 742 3694 ipsum
761 3634 850 3680 tonet.
885 3644 948 3679 nam
971 3629 1072 3682 lectum
1092 3637 1135 3682 est
1154 3633 1238 3682 etiam
1255 3635 1302 3684 hoc
1314 3638 1367 3700 cly-

222 3735 304 3785 peum,
323 3723 354 3766 ut
371 3716 472 3782 probat
490 3715 595 3779 Caper:
615 3713 687 3779 quod
705 3714 795 3779 magis
813 3713 943 3764 debemus
961 3717 1099 3780 accipere.
1135 3732 1201 3767 nem
1219 3719 1368 3769 Homerum

223 3804 347 3854 imitatus
365 3805 408 3852 est
425 3801 472 3866 qui
491 3799 636 3850 citatos
653 3789 779 3864 ἀράβησε
798 3792 831 3850 δὲ
850 3788 945 3864 τεύχε’
961 3791 1008 3850 ἐπ’
1022 3794 1125 3864 αὐτῷ’.
1151 3799 1246 3852 Securi
1263 3819 1323 3854 eum
1342 3811 1371 3856 et

224 3887 330 3938 Nonius
347 3887 376 3935 in
395 3885 487 3950 capite
506 3883 598 3946 terito,
618 3883 688 3949 quod
707 3889 750 3934 est
767 3883 818 3934 ‘dc
836 3883 995 3934 indirrcretis
1007 3885 1155 3948 generibus
1168 3901 1217 3950 por
1235 3887 1369 3952 litteras'‚

225 3978 254 4024 et
280 3972 314 4022 de
343 3969 446 4020 eisdem
473 3968 597 4034 quamvis
618 3969 731 4020 brevIue
755 3969 932 4034 praecipiens
955 3968 1118 4034 medentur,
1141 3972 1202 4035 qui,
1230 3973 1289 4024 eive
1316 3975 1370 4039 ipsi

225 4057 283 4108 sive
302 4071 352 4120 per
370 4054 441 4106 ulios
453 4053 538 4119 Capri
550 4053 584 4104 de
597 4053 689 4104 dubiis
708 4054 855 4120 generibus
867 4052 945 4103 libris
963 4054 1007 4103 usi
1026 4061 1097 4119 sunt,
1117 4055 1199 4106 etiam
1214 4057 1279 4121 alia,
1299 4075 1371 4125 quae

223 4140 403 4207 Vergilianos
421 4139 497 4190 locos
516 4143 643 4204 tangunt,
672 4155 706 4189 ex
732 4138 828 4189 eodem
855 4138 934 4189 fonte
960 4140 1110 4205 sumpsisse
1138 4140 1254 4204 putendi
1283 4151 1371 4196 erunt.

225 4227 266 4278 Ac
284 4230 395 4276 secutus
414 4223 533 4290 Captum
550 4223 657 4274 Nonius
675 4227 718 4274 ast
737 4223 822 4274 etiam
840 4222 868 4272 in
887 4223 980 4274 verbis
1002 4222 1134 4288 ‘explebo
1156 4231 1313 4278 numerum’
1331 4231 1371 4283 VI

226 4313 277 4365 545
294 4307 526 4377 iuterpretandior
545 4324 571 4377 p.
590 4310 649 4374 298,
669 4310 709 4359 12.
1187 4311 1191 4320 ”
