3038 4912
256 332 298 397 90
706 355 950 398 reouseonnue.

257 521 336 592 hant,
361 525 453 584 immo
476 522 570 584 molto
593 522 779 603 probabilius
801 523 837 584 ad
859 522 934 584 delii
949 521 1070 592 Melissi,
1093 526 1145 602 qui
1160 524 1247 586 Gellii
1261 525 1406 587 memoria

256 627 365 685 summi
386 625 444 687 loci
467 628 546 688 inter
568 630 780 704 grammaticos
802 624 915 686 Romae
938 633 1018 696 erat,
1048 628 1156 704 scripta
1180 626 1334 706 complura
1358 645 1405 687 re·

149 783 152 790 .
256 729 400 797 teruntur,
424 747 500 807 quae
524 728 636 790 Gellius
659 726 752 790 XVlll
779 723 799 786 6
822 729 1064 789 commemoravit
1087 729 1134 808 (cl.
1159 728 1405 790 liretzscbmerus

257 827 294 889 de
317 827 406 891 Gellii
428 831 501 891 lont.
525 850 555 909 p.
579 827 641 908 93).

341 931 400 992 Sed
435 941 467 994 ot
499 932 619 994 redeam
647 932 684 993 ad
712 930 847 1001 Verium,
880 934 956 994 seito
984 951 1056 994 saue
1087 933 1210 1012 dignam
1240 944 1298 1004 est,
1332 951 1403 996 noro

256 1053 344 1113 qoam
366 1036 429 1113 ipse
452 1035 490 1094 de
512 1034 649 1096 mandata
671 1033 726 1096 sihi
749 1033 786 1094 ah
801 1038 933 1114 Augusto
956 1053 1047 1116 opera
1067 1037 1213 1096 rationem
1229 1035 1402 1097 reddiderit.

256 1135 420 1208 Quodnisi
450 1138 568 1206 iecerit,
599 1136 643 1197 vel
673 1139 809 1215 exiguam
838 1146 971 1199 nostram
1001 1137 1037 1198 de
1065 1137 1244 1199 schedarum
1274 1138 1310 1199 ab
1338 1140 1404 1217 ipso

256 1245 342 1318 poeta
364 1239 537 1300 relictarum
553 1237 727 1308 condicione
741 1240 875 1300 notitiam
891 1239 1044 1301 latendum
1069 1242 1125 1301 erit
1147 1239 1204 1300 lide
1228 1241 1292 1300 iere
1314 1239 1403 1301 desti·

254 1346 346 1401 tutam
370 1359 446 1400 esse.
491 1344 587 1419 Atque
610 1347 749 1401 constare
771 1340 844 1400 mihi
867 1339 940 1400 nihil
962 1341 1080 1403 videtur
1102 1343 1159 1402 nisi
1182 1343 1212 1402 in
1229 1343 1399 1402 universum

255 1441 422 1522 proiessom
452 1462 519 1504 esse
548 1442 696 1524 quonrodo
727 1451 837 1503 textum
868 1441 966 1504 edere
988 1445 1164 1504 instituerit:
1189 1442 1226 1503 de
1248 1461 1306 1522 quo
1329 1461 1400 1504 coo·

255 1545 370 1624 spirant
392 1537 454 1606 iere
479 1547 653 1606 testimonia.

339 1646 412 1708 Nam
431 1637 570 1725 ,Suetonii
593 1645 665 1707 illud
689 1647 772 1725 quod
790 1664 881 1727 sopra
904 1646 1088 1726 descriptum
1110 1647 1145 1708 ad
1170 1648 1249 1709 Varii
1271 1629 1399 1709 auctori·

256 1756 345 1809 tatem
367 1748 484 1819 rettuli,
514 1750 682 1810 summatim
705 1743 835 1809 Aeneida
857 1747 894 1808 ab
917 1767 953 1809 eo
982 1748 1182 1818 emendatam,
1212 1748 1400 1810 hemistichia

256 1857 354 1912 autem
378 1869 437 1912 nou
462 1850 598 1931 suppleta
622 1869 702 1920 csse,
732 1850 924 1911 confirmator
952 1858 981 1910 et
1002 1850 1176 1930 Hieronymi
1198 1853 1268 1912 item
1292 1850 1399 1911 Sueto·

256 1953 353 2014 nianis
375 1955 468 2033 copiis
495 1941 540 2016 usi
569 1951 605 2013 de
628 1953 716 2014 Vario
741 1960 770 2013 et
791 1952 888 2014 'lucca
914 1951 1011 2012 verbis
1034 1950 1080 2012 his
1104 1953 1143 2032 (p.
1167 1949 1209 2014 48
1231 1951 1296 2032 li.):
1331 1954 1400 2033 ‘qui
1449 1989 1451 1998 =

256 2054 401 2117 Aeneidos
416 2065 517 2135 postea
536 2053 628 2116 libros
643 2055 841 2116 emendarunt
861 2054 914 2114 sub
935 2057 1002 2130 depe
1022 2066 1060 2114 ea
1081 2060 1115 2114 nt
1136 2056 1213 2116 nihil
1234 2057 1399 2115 adderent'

257 2163 286 2217 et
306 2155 395 2235 paulo
418 2157 535 2236 plenius
558 2157 679 2236 quidem
702 2157 837 2217 Serviani
860 2157 1006 2235 prooemii
1029 2153 1087 2215 hoc
1114 2155 1198 2216 loco:
1229 2155 1400 2233 ‘Augustos

256 2275 326 2319 vero
349 2277 387 2320 ne
409 2265 523 2320 tautum
546 2277 621 2338 opos
643 2261 756 2339 periret
779 2259 906 2318 Tuccam
935 2265 965 2318 et
987 2259 1108 2319 Varium
1135 2258 1195 2318 hec
1221 2259 1289 2331 lepe
1317 2260 1402 2318 iussit

256 2362 432 2436 mendane,
465 2368 499 2422 nt
518 2367 675 2439 superflua
697 2363 860 2434 demerent,
889 2361 966 2420 nihil
987 2362 1137 2420 adunent
1162 2362 1292 2420 tumen)
1342 2359 1401 2419 Sed

256 2461 313 2523 hoc
336 2465 433 2542 ipsum
457 2463 536 2543 quod
560 2464 627 2523 novi
651 2465 728 2524 inest
750 2464 779 2522 in
803 2462 860 2521 hoc
883 2461 1053 2522 testimonio
1076 2477 1133 2538 qua
1155 2459 1213 2521 lide
1235 2460 1347 2521 dictum
1363 2461 1403 2521 sit

258 2563 340 2624 valde
362 2563 483 2626 dohiom
508 2565 633 2626 videtur.
684 2565 757 2626 Nam
787 2563 988 2624 detractorum
1016 2580 1154 2623 versuum
1184 2561 1319 2641 exempla
1342 2563 1416 2623 duo¹

256 2667 334 2745 apud
359 2666 493 2728 Serrium
517 2669 727 2746 proferuntur,
756 2683 884 2745 quorum
907 2665 991 2744 prius
1013 2673 1154 2744 quattuor
1176 2665 1220 2726 illi
1243 2666 1293 2743 qui
1316 2666 1399 2744 prin·

257 2770 368 2848 cipium
389 2769 530 2830 Aeneidis
552 2770 755 2849 deturpavisse
778 2770 914 2828 teruntur
937 2783 1042 2827 versus
1064 2775 1149 2828 sont:

451 2926 497 2983 ille
520 2943 587 3000 ego,
612 2926 658 3000 qui
683 2925 817 3002 quondam
842 2967 850 2982 .
874 2966 881 2979 .
906 2966 912 2979 .
936 2923 1075 2980 horrentia
1097 2925 1200 2982 hlartis,

341 3076 379 3136 dt
400 3075 437 3136 de
459 3073 506 3134 his
527 3078 601 3154 ipsis
622 3077 743 3136 Varium
767 3093 827 3136 oon
851 3081 991 3135 testatum
1023 3093 1089 3136 esse
1119 3073 1207 3135 docet
1228 3072 1399 3143 Suetonius,

258 3178 309 3254 (poi
326 3177 431 3238 Nisum
455 3177 492 3237 de
515 3176 569 3238 hac
592 3179 656 3237 eius
679 3177 886 3239 emendatione
908 3174 1038 3236 tabulam
1052 3178 1219 3237 narravisse
1234 3176 1273 3235 ita
1295 3177 1399 3244 refert,

190 3311 193 3314 ¹*
257 3288 291 3340 ot
312 3279 400 3339 iidem
424 3280 487 3340 eius
511 3288 661 3359 praestare
685 3278 765 3340 nollo
789 3276 877 3338 modo
901 3277 1048 3338 videatur:
1083 3297 1179 3358 neque
1208 3279 1286 3338 enim
1302 3289 1399 3337 'aece-

258 3383 336 3460 pisse
359 3380 478 3452 Nisum,
514 3381 565 3441 scd
594 3381 730 3442 ‘aiebat'
760 3382 869 3460 inquit,
904 3383 959 3439 ‘se
985 3397 1005 3439 a
1031 3383 1199 3443 senioribus
1220 3382 1399 3456 accepissc’.

257 3483 344 3544 Nisus
372 3489 469 3543 autem
496 3484 544 3558 (ci.
569 3482 804 3543 Graelcubauius
831 3481 898 3541 bist.
928 3479 1029 3561 philol.
1053 3479 1248 3560 11118301.)
1278 3499 1315 3540 ne
1343 3499 1402 3558 quo

258 3593 393 3664 tempore
415 3585 534 3665 quidem
551 3585 666 3645 uixerit
686 3591 824 3666 accurato
846 3587 944 3663 potest
966 3581 1092 3652 deliniri,
1116 3585 1171 3643 nisi
1193 3582 1272 3662 qood
1288 3602 1304 3642 0
1318 3583 1403 3643 Velio

258 3687 361 3765 Longo
394 3684 516 3748 secundi
548 3685 659 3747 saeculi
694 3686 888 3764 grammatico
921 3684 1070 3746 laudatum
1104 3684 1308 3764 artigraphum
1341 3703 1403 3744 uon

258 3787 421 3867 ignobilem
445 3797 595 3849 mortuum
618 3789 708 3848 luisse
731 3805 853 3849 necesse
882 3794 941 3857 est,
978 3805 1045 3847 com
1074 3785 1111 3846 de
1140 3787 1209 3847 viris
1238 3785 1404 3847 illustribus

259 3891 353 3951 libros
375 3889 431 3960 rel,
455 3900 488 3951 ut
509 3889 679 3968 dihgeotios
700 3889 813 3958 dicam,
843 3907 911 3950 com
935 3886 1053 3966 Vergilii
1075 3889 1165 3949 vitam
1188 3889 1306 3968 scripsit
1328 3887 1403 3949 Sue·

261 3994 368 4062 tonius,
392 3993 421 4054 h.
446 4011 472 4054 e.
495 4001 562 4072 post
585 4011 695 4053 annom
713 3989 772 4053 106
788 3991 835 4067 (cl.
853 3990 954 4051 liothii
968 3991 1063 4070 praei.
1079 3990 1114 4052 ad
1132 3991 1214 4051 Suet.
1231 4009 1260 4070 p.
1278 3989 1401 4066 Lxxti).

259 4095 297 4156 Ut
320 4113 358 4157 ne
380 4094 410 4156 id
433 4094 552 4175 quidem
576 4100 706 4164 constet,
736 4094 884 4162 seniores,
919 4110 935 4153 a
959 4092 1068 4174 quihus
1090 4090 1164 4153 illud
1192 4109 1224 4152 se
1252 4092 1404 4171 accepisse

260 4197 366 4266 aiebat,
389 4199 488 4276 ipsum
512 4196 629 4258 Varium
652 4197 769 4257 novisse
792 4202 843 4256 aut
865 4201 946 4255 certa
968 4194 1026 4256 ilde
1049 4194 1085 4254 de
1108 4211 1199 4273 opere
1222 4194 1285 4253 eius
1300 4195 1404 4254 testari

259 4301 401 4380 potuisse.
433 4300 541 4360 Contra
566 4317 635 4358 vcro
659 4296 795 4377 aequales
810 4294 931 4375 Vergilii
953 4316 1013 4358 nou
1035 4295 1114 4357 aliod
1138 4297 1293 4374 agnovisse
1314 4302 1401 4376 etque

261 4401 340 4480 quod
362 4403 392 4461 in
421 4402 530 4462 uostris
557 4399 642 4462 libris
671 4407 784 4462 tantum
819 4417 878 4459 uon
912 4398 1049 4460 omnibus
1082 4396 1198 4476 legitor.
1221 4397 1400 4479 principium
