3038 4912
583 366 827 413 rnoceooruens.
1236 347 1277 412 89

131 538 232 602 tonius
252 547 356 600 noster
378 555 408 616 p.
430 534 473 600 59
487 538 522 599 li.
546 539 685 599 servavit:
709 539 796 598 ‘cum
820 538 957 616 georgica
973 536 1126 608 scriberet,
1151 537 1276 600 traditur

129 641 242 704 cotidie
270 640 428 702 meditatos
449 659 537 702 manc
569 637 714 720 plurimos
741 657 844 701 versus
877 639 990 700 dictare
1021 639 1126 701 solitus
1157 660 1191 702 ac
1219 658 1278 718 per

133 751 227 806 totum
257 746 335 806 mem
363 744 561 804 retractando
583 743 626 802 od
648 743 851 820 paucissimos
877 743 1032 818 redigere,
1062 760 1122 803 non
1151 742 1279 804 absurde
1366 795 1371 806 ,

133 864 253 908 carmen
287 865 320 907 se
353 845 491 920 (informe
530 846 604 907 odd.
637 845 688 920 R.)
727 861 812 905 more
853 861 940 904 ursae
973 861 1080 924 parere
1113 842 1215 906 dicens
1249 852 1278 904 et

133 946 292 1010 lambendo
323 946 442 1008 demum
472 931 642 1025 elting'cre'.
693 946 754 1008 Nec
788 942 984 1007 dubitandum
1008 947 1081 1026 quin
1109 965 1144 1006 ex
1174 945 1278 1008 eodem

133 1051 216 1112 lente
248 1049 391 1111 lltrxerint
423 1067 500 1129 quae
533 1050 698 1112 arctissime
731 1065 799 1110 cum
836 1047 884 1109 his
914 1048 1072 1110 coniuncta
1109 1047 1207 1109 statim
1241 1046 1279 1108 de

134 1152 263 1215 Aeneide
296 1169 384 1231 prose
419 1152 503 1231 prius
536 1153 670 1213 cretione
705 1149 832 1212 formata
861 1156 891 1210 et
925 1148 1122 1228 particulatim
1157 1167 1277 1230 compo·

134 1255 191 1314 sita
219 1253 399 1314 inferuntur.
450 1253 611 1333 Scripsisse
645 1253 735 1330 igitur
761 1251 794 1312 L.
824 1250 945 1313 Varium
981 1255 1020 1313 de
1046 1254 1166 1326 ingenio
1186 1255 1279 1316 mori-

133 1358 246 1433 busque
282 1357 413 1430 Vergilii
438 1355 686 1417 commentarium
716 1361 798 1416 recte
828 1360 997 1416 statuerunt
1024 1352 1215 1434 Spaldingius
1242 1353 1278 1414 ad

134 1456 254 1530 Quintil.
285 1457 310 1518 X
338 1455 373 1528 3,
405 1454 425 1519 8
468 1456 656 1518 Weicbertus
678 1455 716 1517 de
737 1455 770 1516 L.
793 1454 881 1516 Vario
904 1474 933 1535 p.
959 1451 1000 1515 74
1042 1454 1209 1534 Wagnerus
1242 1455 1278 1516 ad

133 1558 246 1621 riemv
269 1566 359 1628 extr„
383 1561 414 1619 in
438 1576 497 1636 qam
520 1567 639 1638 praeter
662 1557 717 1618 elia
740 1556 777 1618 de
799 1556 925 1636 singulis
946 1557 1033 1619 amici
1056 1557 1197 1637 operibus
1220 1577 1279 1638 quio

135 1670 270 1741 tempore
292 1663 369 1723 lacta
399 1669 429 1721 et
457 1660 535 1722 edita
565 1677 681 1741 quaque
702 1661 819 1721 ratione
843 1660 1006 1739 composita
1035 1669 1136 1721 essent
1163 1658 1281 1720 edocuit

133 1763 271 1826 lectores.
318 1763 456 1840 Ususquc
480 1781 515 1822 eo
544 1759 672 1823 ma'xime
700 1761 816 1823 videtur
850 1761 900 1841 qui
927 1769 1036 1823 contre
1066 1763 1280 1824 obtrectatores

133 1865 243 1927 librum
275 1865 397 1945 scripsit
418 1866 566 1926 Asconius
589 1865 750 1925 Pedianus.
802 1862 889 1924 llunc
916 1864 995 1924 euim
1022 1871 1173 1924 mortuum
1202 1881 1280 1924 anno

134 1987 163 2028 ιι.
187 1986 213 2028 c.
236 1963 314 2034 841,
342 1975 452 2028 natum.
468 1974 567 2026 autem
591 1983 656 2026 esse
679 1979 759 2026 annu
785 1962 905 2026 demum
927 1960 990 2026 756
1020 1963 1065 2024 vel
1095 1964 1183 2044 paulo
1210 1972 1281 2026 ante

134 2068 296 2138 Christum,
320 2066 350 2128 h.
374 2087 399 2129 e.
424 2068 509 2129 annis
533 2067 634 2144 viginti
657 2067 720 2126 lere
742 2073 959 2146 postmortem
983 2065 1103 2143 Vergilii
1125 2084 1193 2126 cnm
1216 2067 1280 2127 ido·

133 2172 200 2232 nois
221 2170 411 2248 argumentis
427 2167 598 2248 probaverit
619 2167 783 2238 ltladvicns,
812 2176 1047 2229 consentaneum
1076 2173 1122 2230 est
1144 2185 1203 2228 non
1226 2187 1279 2246 po·

135 2272 287 2334 tuisseex
308 2273 403 2351 ipsius
425 2275 532 2349 poetae
555 2287 608 2330 ore
631 2269 782 2349 accepisse
810 2269 889 2347 quod
912 2287 981 2330 eum
1003 2275 1139 2349 sumptos
1158 2267 1198 2345 eb
1220 2269 1279 2330 llo·

134 2391 218 2434 mero
249 2391 352 2436 versus
380 2379 572 2433 excusantem
600 2371 701 2432 dicere
729 2371 846 2434 solitum
873 2373 905 2432 in
938 2368 1014 2432 libro
1048 2370 1099 2432 illo
1133 2371 1279 2432 narravit:

135 2477 206 2536 ‘cur
229 2493 289 2536 nou
311 2473 355 2534 illi
377 2490 496 2551 quoque
512 2473 614 2535 eadem
629 2474 708 2536 lurte
724 2475 922 2554 temptarent?
947 2491 1048 2534 verum
1063 2471 1279 2541 intellecturos,

134 2575 253 2654 lucilius
286 2594 353 2638 esse
381 2574 503 2636 Herculi
532 2574 642 2637 claram
671 2595 759 2656 quam
787 2576 919 2638 Homero
953 2593 1071 2636 versum
1105 2574 1281 2654 subriperc’

135 2677 175 2756 lp.
198 2674 240 2740 66
262 2676 318 2754 ic).
362 2678 401 2740 Ut
422 2677 558 2756 suspicer
581 2665 690 2740 cetera
704 2695 820 2758 quoque
842 2678 873 2738 iu
896 2677 1031 2738 Suetonii
1054 2678 1120 2748 rita,
1146 2693 1222 2754 quae
1245 2675 1281 2738 ad

136 2780 214 2840 Varii
236 2781 442 2840 auctoritatem
465 2779 622 2841 referenda
646 2797 712 2840 esse
734 2779 878 2848 dicebam,
902 2779 939 2841 eb
961 2777 1012 2840 illo
1034 2779 1155 2857 quidem
1177 2777 1281 2840 bansta

135 2899 201 2942 esse
224 2900 260 2942 ex
282 2881 401 2942 Asconii
424 2879 510 2950 libro,
534 2883 584 2961 qui
607 2889 704 2942 tamen
727 2882 792 2960 ipse
815 2880 889 2941 baec
912 2899 948 2940 ex
963 2880 1043 2942 Varii
1066 2883 1280 2942 commentario

135 2966 320 3064 excerpsisse
343 2982 516 3044 statuendus
538 2990 594 3044 est.

220 3085 359 3147 Ceterum
395 3083 497 3164 plures
534 3082 659 3162 Vergilii
701 3085 806 3147 ‘amici
847 3083 1085 3162 familiaresque’
1128 3086 1281 3163 ingenium

135 3189 201 3250 eius
234 3193 264 3248 et
295 3205 396 3248 mores
429 3185 625 3266 descripsisse
656 3187 809 3256 feruntur,
848 3193 878 3248 et
909 3188 1047 3248 novimus
1080 3194 1199 3265 praeter
1227 3187 1280 3247 va·

134 3290 220 3352 rium·
247 3307 340 3350 unum
373 3287 493 3357 saltem,
535 3289 566 3351 0.
599 3291 775 3364 Metiscum,
810 3288 989 3350 Maecenatis
1022 3285 1162 3350 libertum
1198 3289 1281 3368 (Sue-

136 3397 197 3452 ton.
236 3390 273 3452 de
307 3388 348 3451 ill.
386 3408 430 3468 gr.
467 3387 536 3470 21),
574 3393 625 3468 qui
662 3399 781 3471 poetam
818 3397 954 3452 nostrum
991 3395 1041 3450 ‘et
1075 3391 1107 3451 in
1143 3407 1282 3452 sermone

136 3492 338 3554 tardissimum
362 3510 396 3554 sc
418 3509 513 3571 paene
535 3493 657 3555 indocto
678 3492 803 3554 similem
828 3494 919 3554 luisse
941 3491 1079 3554 tradidit'
1103 3491 1170 3571 (vita
1185 3512 1212 3573 p.
1228 3490 1280 3562 58,

134 3591 157 3656 5
178 3594 240 3673 6.),
270 3594 356 3656 cuius
383 3595 510 3656 sortasse
532 3593 570 3656 de
592 3594 698 3656 studiis
726 3611 845 3691 (guoque
874 3594 1040 3656 medicinae
1062 3613 1097 3656 ec
1119 3595 1280 3656 methema·

136 3697 220 3760 ticae
241 3703 271 3758 et
299 3697 336 3756 de
365 3714 454 3758 causa
482 3696 559 3776 apud
588 3697 703 3758 iudices
732 3715 792 3759 non
821 3695 948 3775 emplius
978 3696 1070 3758 semel
1100 3696 1176 3759 dicta
1205 3715 1281 3776 quac

137 3797 242 3860 eodem
265 3796 332 3860 loco
355 3807 574 3876 memorantur,
603 3817 640 3860 ex
669 3797 774 3858 eodem
796 3797 907 3860 Melissi
932 3797 1011 3860 ilhro
1039 3807 1179 3879 excerpts
1202 3809 1278 3860 suut.

126 3899 221 3962 -lntcr
244 3907 495 3963 commentatores
517 3899 640 3979 Vergilii
661 3918 722 3960 non
743 3901 838 3978 magis
860 3902 954 3962 susim
977 3901 1093 3962 relerre
1114 3919 1200 3981 quem
1225 3902 1279 3962 Su-

137 4002 277 4079 ringarus
298 4021 327 4082 p.
351 3999 415 4064 234
438 4011 467 4064 et
488 4001 725 4065 Graelenbanius
740 4001 777 4062 lV
791 3999 847 4064 62:
872 4022 940 4064 nam
963 4002 1040 4082 apud
1063 4002 1156 4065 schol.
1172 4004 1279 4065 Veron.

136 4104 207 4164 Aen.
232 4102 272 4163 lll
295 4099 357 4165 705
379 4105 429 4185 qui
452 4103 690 4187 ‘Olympionices
712 4104 822 4166 multos
851 4106 960 4166 luisse'
989 4105 1145 4166 adfirmare
1173 4104 1281 4166 dicitur

139 4207 275 4268 Mttestos
298 4205 333 4266 ll.
358 4205 446 4266 lleilii
469 4206 588 4268 demum
606 4197 783 4269 'contectura
806 4209 946 4270 Melissus
968 4209 1074 4276 evasit,
1103 4223 1280 4285 quemquem

52 4312 58 4318 '
137 4326 197 4368 non
221 4307 337 4368 minore
359 4307 569 4388 probabilitate
584 4309 738 4370 Modestus
753 4308 819 4370 clici
841 4318 955 4389 potest:
979 4328 1035 4372 nec
1050 4310 1144 4370 Servii
1159 4307 1278 4370 adden.

137 4408 174 4494 lV
199 4405 448 4496 teteritas
476 4411 644 4474 testimonia
674 4419 940 4475 commentatorem
960 4410 1112 4474 Melissum
1141 4429 1278 4491 compro·
