2962 4904
259 323 302 387 42
653 339 657 348 “
708 343 952 386 procacemque.

260 511 428 576 233—251
452 521 482 574 et
503 509 682 582 aaa-275,
706 519 838 572 ceterum
862 513 961 573 outuia
982 513 1026 573 sic
1053 513 1117 574 iere
1138 515 1168 574 in
1191 522 1302 577 textum
1326 519 1405 580 inse·

263 614 355 677 reuda
378 617 480 684 inisse,
505 624 538 675 ut
560 616 678 675 omissis
699 610 867 675 ‘rot-207
891 633 923 676 se
951 613 1124 693 exciperent
1154 613 1241 677 haec:
1273 614 1335 679 257
1359 639 1405 700 sq.

259 712 438 779 ana-256.
461 713 521 778 231
547 737 590 796 sq.
614 712 792 778 aee-251.
818 711 997 778 208-230.
1021 713 1200 778 tte-286.
1224 714 1405 783 ate-275.

259 815 438 880 aet-310.
472 818 621 896 Pergebat
635 819 724 896 igitur
747 837 762 878 a
786 818 879 894 signis
901 816 1058 879 duodecim
1083 817 1118 879 ad
1142 819 1251 890 lunam,
1276 820 1346 883 inde
1368 803 1405 884 ad

260 921 331 983 sciis
354 922 439 982 rices.

345 1023 403 1085 Sed
427 1025 529 1084 nesio
551 1022 672 1103 quidem
695 1025 793 1084 omnia
817 1025 887 1084 satis
909 1015 1005 1103 plana.
1051 1023 1125 1085 Nam
1148 1023 1226 1104 quod
1250 1043 1276 1086 v.
1299 1022 1407 1088 287-

259 1122 323 1188 290
346 1125 436 1187 multa
460 1125 539 1186 reiut
561 1132 716 1206 pratorum
741 1136 893 1187 tonsuram
916 1123 1023 1185 melius
1045 1123 1141 1203 gelida
1157 1134 1244 1188 nocte
1260 1128 1326 1189 tieri
1342 1147 1405 1190 mo·

259 1245 382 1298 nemnr,
417 1235 531 1308 spectat
563 1227 620 1288 itoc
647 1235 750 1307 aperte
778 1226 814 1289 ad
842 1234 945 1288 noctes
968 1229 1106 1288 aestivas:
1143 1227 1189 1288 iris
1211 1230 1301 1306 igitur
1322 1237 1407 1292 recte

261 1349 395 1410 opponas
423 1329 503 1410 quod
532 1330 569 1390 de
592 1329 736 1391 caedendi
764 1337 792 1390 et
819 1327 936 1390 terendi
963 1329 1104 1390 irumenti
1132 1336 1268 1410 tempore
1296 1349 1406 1412 oppor-

261 1440 334 1493 tuno
367 1431 496 1494 breviter
530 1433 712 1510 significatur
740 1449 765 1491 r.
789 1427 850 1492 297
875 1450 919 1510 sq.
969 1429 1026 1492 Ubi
1049 1433 1156 1492 merito
1178 1430 1406 1513 l'eerikampum

259 1553 289 1614 p.
319 1531 383 1596 375
411 1532 536 1595 oiieudit
563 1535 671 1593 mirum
704 1540 734 1593 et
768 1534 949 1593 contrarium
978 1533 1186 1596 consuetudini
1214 1541 1408 1616 praeceptum

261 1635 310 1696 ‘at
331 1637 429 1697 medio
452 1633 618 1696 rubicundo
634 1635 725 1696 Ceres
746 1634 907 1696 succiditur
930 1638 1043 1696 aestu’
1067 1635 1149 1706 Quae
1165 1633 1198 1697 G.
1217 1636 1408 1700 Hermanuus

260 1753 380 1815 quoque
409 1737 478 1798 olim
512 1736 703 1798 adnotaverat
731 1736 766 1816 (v.
800 1737 938 1797 Meineirii
972 1735 1118 1817 supplem.
1148 1725 1215 1800 a'tin.
1244 1734 1318 1819 480)
1347 1755 1407 1801 uon

261 1840 333 1901 satis
355 1841 515 1901 convenire
537 1855 605 1899 cum
628 1819 814 1899 Theocriteis
837 1839 883 1898 iris
905 1838 929 1899 X
953 1834 996 1899 49
1018 1857 1099 1930 sqq:

409 1961 492 2018 σῖτον
508 1947 671 2030 ἆλοιώντος
687 1949 811 2036 φεύγειν
827 1946 859 2016 τὰ
874 1948 1076 2036 μεσαμβρινὸν
1091 1947 1213 2019 ὑπνῶν·
1301 1953 1308 1968 ’

415 2040 448 2103 ἐκ
464 2035 600 2121 καλάμος
614 2035 728 2122 ἄχυρον
742 2041 856 2102 τελέθει
871 2038 997 2120 conderis
1010 2035 1149 2119 μάλιστα.

410 2122 554 2207 ἄρχεσθαι
570 2122 598 2186 d'
615 2119 754 2202 ἆμῶντος
769 2125 945 2207 ἕγειρομὲνω
961 2128 1134 2202 nopvdoeiioi

413 2211 463 2274 noi
490 2207 591 2293 λήγειν
612 2207 765 2286 εὕδοντος,
789 2211 962 2272 ἕλινῦσαι
983 2210 1019 2274 δὲ
1040 2203 1080 2274 τὸ
1103 2213 1237 2292 καῦμα.

261 2333 363 2414 ltaque
385 2333 480 2416 probo
503 2351 590 2412 quam
613 2333 825 2413 Peerlkampus
847 2334 1004 2413 proposuit
1026 2333 1276 2395 emendationem:

465 2473 521 2514 nec
544 2456 693 2514 rubicunda
716 2457 799 2513 Ceres
819 2455 907 2513 medio
931 2455 1081 2512 succiditur
1103 2465 1189 2520 aestu,

464 2549 494 2598 nt
517 2542 606 2599 medio
631 2550 717 2599 tostas
740 2550 818 2599 aestu
842 2543 906 2598 terit
928 2558 990 2598 area
1013 2541 1109 2615 fruges

262 2656 377 2738 hosque
400 2675 504 2719 versus
527 2659 625 2718 statim
648 2669 713 2738 post
738 2677 762 2719 r.
785 2653 850 2718 290
871 2655 1072 2718 adnectendos
1094 2675 1211 2719 censeo.

347 2759 407 2826 iam
432 2777 507 2837 quae
529 2767 672 2821 secuntur
695 2779 720 2819 v.
743 2755 807 2820 299
830 2758 947 2820 ‘nudus
969 2777 1036 2829 ara,
1066 2778 1132 2820 sere
1160 2759 1276 2828 nudus;
1312 2759 1409 2821 hiems

263 2863 366 2940 ignara
390 2860 514 2923 coiono’
538 2871 660 2943 apparet
683 2879 741 2922 non
765 2860 801 2922 ad
825 2861 899 2930 diei,
928 2860 981 2922 sed
1003 2860 1039 2922 ad
1062 2863 1131 2923 anni
1154 2868 1272 2942 tempus
1295 2860 1407 2941 eligen-

260 2962 332 3024 dum
354 2971 491 3043 spectare
515 2972 544 3025 et
567 2963 603 3025 ad
627 2962 752 3024 hiberna
775 2981 866 3044 opera
896 2965 1053 3024 transitum
1082 2981 1206 3042 parare,
1237 2962 1273 3025 de
1301 2963 1409 3043 quihus

265 3085 289 3125 v.
313 3062 484 3128 300-310
506 3065 630 3135 dicitur,
660 3065 765 3142 hisque
793 3064 839 3126 vel
861 3073 929 3145 post
952 3083 976 3123 v.
1000 3061 1064 3126 310
1093 3064 1136 3125 rel
1166 3074 1234 3126 ante
1255 3061 1320 3128 305
1342 3075 1409 3146 apte

261 3167 405 3248 adiungas
428 3187 455 3229 v.
477 3164 656 3230 aet-296.

349 3268 401 3333 ilia
417 3278 525 3338 antem,
551 3288 625 3350 quae
648 3269 787 3349 ‘frigidus
802 3269 961 3349 agricolam
977 3269 1138 3349 siquando
1154 3271 1287 3330 continet
1301 3268 1408 3340 imber,

265 3380 417 3434 maturare
439 3371 537 3434 datnr'
561 3391 695 3452 quaeque
717 3373 801 3434 iestis
824 3369 929 3432 diebus
952 3389 1094 3434 exercere
1116 3370 1185 3434 iicet
1209 3367 1409 3453 (259-275),
1471 3359 1475 3368 ’

266 3474 302 3534 ad
326 3474 445 3536 aestatis
466 3475 565 3552 potius
581 3493 668 3554 quam
685 3472 720 3535 ad
736 3473 844 3534 hiemis
858 3474 975 3551 negotia
991 3475 1142 3552 pertinent
1156 3476 1203 3549 (ci.
1218 3493 1243 3536 r.
1256 3470 1340 3552 260),
1357 3473 1409 3535 sed

265 3574 384 3636 vinculo
396 3593 455 3654 qno
467 3595 534 3637 cum
548 3574 612 3636 aiiis
623 3575 800 3655 copulentur
811 3592 936 3654 prorsus
949 3575 1087 3638 destituta
1100 3583 1178 3645 sunt,
1195 3583 1355 3638 etcertum
1369 3578 1411 3637 eis

266 3676 365 3738 iocum
388 3677 545 3756 adsignare
568 3677 687 3739 difficile
710 3680 758 3738 sit.
804 3677 877 3738 Nam
901 3695 977 3755 qnae
992 3677 1099 3740 hiemis
1115 3696 1206 3758 opera
1222 3687 1289 3756 post
1304 3697 1329 3737 r.
1346 3675 1411 3740 310

265 3791 407 3841 secuntur
436 3781 586 3841 auctumni
611 3785 804 3859 tempestates
837 3788 868 3840 et
897 3779 995 3841 sidera
1013 3773 1300 3860 tempestatumque
1326 3781 1409 3859 sigua

263 3889 322 3943 tam
345 3883 423 3944 inter
445 3901 478 3943 se
500 3901 575 3943 nexa
598 3889 627 3943 et
656 3889 756 3944 coacta
784 3875 878 3961 usque
906 3882 942 3943 ad
971 3887 1136 3943 extremum
1165 3880 1275 3943 librum
1303 3881 1409 3944 decur-

263 3991 348 4054 runt,
381 3991 413 4046 ut
441 3983 612 4045 intrudendi
641 3983 697 4046 alia
720 3983 800 4045 nulia
823 3985 945 4045 omnino
973 3992 1116 4063 appareat
1146 3985 1276 4045 occasio.
1331 3984 1409 4062 Ergo

264 4103 323 4146 nou
346 4085 514 4148 mirandum
539 4085 618 4164 qnod
642 4105 680 4147 ue
702 4086 805 4147 amicis
827 4084 948 4164 quidem
977 4085 1103 4146 schedas
1130 4104 1146 4145 a
1175 4093 1263 4164 poeta
1291 4085 1410 4148 relictas

265 4187 459 4265 probabiliter
482 4188 621 4249 ordinare
643 4187 775 4276 contigit.

348 4291 487 4353 Ceterum
517 4293 697 4370 scripseram
726 4287 815 4358 haec,
851 4307 918 4350 curn
946 4290 1109 4350 Hanovium
1146 4305 1265 4368 quoqne
1293 4287 1352 4349 vidi
1380 4289 1409 4348 in

265 4391 364 4455 scheri.
389 4393 455 4453 crit.
479 4410 509 4472 p.
534 4389 552 4454 'i
576 4409 640 4471 sqq.
664 4393 775 4452 i'rustra
798 4391 829 4453 in
853 4391 909 4453 hoc
930 4391 997 4452 loco
1017 4390 1169 4462 laborare,
1200 4393 1256 4452 nisi
1279 4390 1358 4469 quod
1381 4398 1411 4451 et
