2956 4906
540 337 782 408 enonnoounuu.
1169 343 1230 408 195

90 529 168 612 apud
191 530 468 593 Reifferscheidium
491 531 679 609 inreliquiis
702 532 889 594 Suetonianis
911 551 939 612 p.
964 527 1014 594 86.
1034 529 1037 540 ”
1065 531 1233 593 1111Ηί010-
1282 519 1283 524 ἵ

90 653 178 714 nymo
202 635 280 696 enim
297 651 474 714 quamquam
491 652 549 695 non
567 634 676 696 latetur
690 634 745 695 alia
766 651 887 713 quoque
902 634 1063 696 Hennensis
1079 632 1234 695 scholiasta

90 736 126 797 ad
144 735 266 798 verbum
284 737 461 816 compilarit,
486 734 566 798 velut
588 735 623 797 ad
647 736 700 796 ecl.
726 735 765 796 lll
788 731 830 797 90
852 735 1129 816 ε0011101110οω
1147 753 1233 814 quem

89 837 230 916 Virgilius
258 841 289 898 in
321 838 462 900 bucolicis
490 845 586 910 uetat,
621 841 651 898 in
674 835 858 918 Cappadocia
874 839 1017 899 moritur'
1043 838 1089 916 (el.
1112 837 1233 899 Hieron.

90 940 135 1002 01.
163 937 231 1011 186,
255 937 276 1001 2
307 941 430 1002 Sueten.
452 927 506 1000 rel.
531 959 559 1020 p.
576 937 615 1001 41
633 939 679 1019 ll.)
710 947 739 1000 et
760 939 795 1001 ad
819 940 874 1001 ecl.
896 939 919 998 V
942 957 1054 1017 argum.
1078 938 1236 1001 ‘Aemilius

90 1043 204 1112 llacer,
240 1041 433 1111 Veronensis,
468 1043 498 1100 in
531 1043 598 1104 Asia
632 1044 774 1103 moritur'
809 1043 856 1122 (01.
886 1042 1008 1103 Hieron.
1039 1039 1084 1102 01.
1115 1039 1185 1112 191,
1218 1040 1233 1102 1

90 1145 212 1206 Sueten.
235 1143 289 1206 rel.
311 1142 354 1206 43
376 1145 432 1222 n).
479 1143 662 1224 Quamquam
686 1145 826 1206 Suetonii
845 1159 962 1224 quoque
984 1141 1069 1204 libris
1092 1161 1164 1204 usus
1188 1150 1234 1204 est

90 1247 256 1308 ‘Iunilius'.
273 1247 346 1308 Nam
359 1246 429 1306 lieet
441 1263 517 1324 qnae
530 1246 566 1307 ad
579 1265 626 1326 ge.
639 1246 665 1307 ll
678 1242 738 1308 158
750 1247 930 1307 adnotantur
942 1245 1134 1306 ‘Adriaticum
1148 1264 1234 1325 supe·

90 1368 156 1411 rum
174 1358 302 1418 vocatur,
320 1348 507 1429 Tyrrhenum
525 1349 664 1417 inferum,
682 1357 714 1410 nt
725 1349 848 1410 lunilius
864 1356 894 1410 et
902 1347 1093 1427 Tranquillus
1108 1337 1234 1418 dicnnt’,

91 1472 126 1514 ex
150 1452 257 1514 Isidori
287 1453 385 1532 potius
408 1449 445 1511 de
468 1459 526 1512 nat.
557 1469 615 1512 rer.
640 1450 745 1512 XLllll
773 1451 878 1513 haustu
907 1469 973 1513 esse
1000 1449 1093 1511 videri
1120 1452 1237 1530 possint

91 1571 179 1632 quam
203 1573 238 1615 ex
262 1551 394 1616 Suetonii
422 1554 516 1632 pratis
546 1553 581 1632 (v.
606 1553 728 1614 Sueten.
760 1555 795 1614 lr.
821 1543 880 1616 157
905 1549 1104 1633 1124211),
1136 1560 1234 1614 tannen

90 1655 127 1717 ad
151 1673 196 1732 ge.
222 1654 276 1716 llll
302 1653 342 1716 14
363 1657 426 1732 ipsa
443 1652 607 1734 Tranquilli
631 1673 665 1716 ex
683 1655 798 1717 decimo
812 1665 965 1736 pratorum
983 1653 1072 1715 verba
1089 1657 1236 1734 exscripta

91 1765 161 1819 sunt
184 1757 221 1835 (v.·
243 1757 364 1818 Sueten.
389 1758 425 1817 ir.
452 1753 514 1818 164
534 1777 563 1837 p.
587 1753 671 1838 257).
702 1758 764 1822 ’01.
787 1766 942 1838 praeterea
972 1755 1063 1818 schol.
1088 1756 1176 1818 Bern.
1201 1756 1235 1819 ad

91 1879 137 1940 ge.
162 1859 215 1920 llll
240 1856 299 1920 121
324 1860 405 1938 (item
427 1859 547 1920 Servius
570 1867 599 1920 et
614 1858 744 1921 Probus:
769 1860 891 1922 Sueton.
915 1860 950 1920 lr.
974 1854 1038 1920 209
1059 1876 1088 1937 p.
1111 1855 1236 1934 35511.)

92 1969 122 2023 et
145 1961 181 2024 ad
205 1957 269 2022 564
292 1959 424 2039 (Sueten.
448 1961 485 2021 ir.
508 1957 571 2023 203
594 1979 622 2040 p.
646 1957 710 2024 350
731 1960 788 2040 11.)

176 2117 280 2177 Variae
310 2113 345 2175 ad
379 2117 515 2176 luteolica
543 2121 573 2174 et
603 2117 750 2190 peorpieu
783 2115 948 2194 scripturae
977 2132 1011 2173 ea
1035 2113 1237 2176 Beroensibus

96 2219 219 2279 scholiis
241 2218 330 2277 ctiam
354 2215 531 2277 enotanrlae
547 2215 750 2288 sunthaece,
784 2233 858 2293 quas
892 2215 1105 2276 commentario
1132 2218 1237 2278 critico

90 2338 144 2380 suo
174 2324 310 2398 tempore
338 2320 473 2380 inserere
500 2337 560 2379 uon
590 2320 688 2397 potui,
718 2319 785 2399 quia
810 2316 906 2378 Caroli
930 2315 1079 2377 Guilielmi
1102 2317 1236 2400 llluelleri
1323 2367 1325 2370 .

92 2429 312 2501 programmata
354 2428 491 2497 quattuor
520 2418 800 2500 liudolphipolitana
835 2436 982 2480 annorum
1017 2414 1108 2480 1847.
1145 2415 1235 2482 1852.

93 2519 185 2585 1853.
212 2519 295 2583 1854
319 2531 387 2582 tunc
409 2523 553 2600 temporis
575 2521 685 2584 trustra
709 2523 923 2603 quaesiveram.
967 2521 1004 2581 At
1027 2539 1107 2582 nunc
1129 2521 1236 2584 libera·

91 2624 172 2686 litate
187 2623 350 2685 Hermanui
366 2623 477 2702 Hagen,
503 2625 552 2700 qui
570 2641 673 2685 novam
690 2624 798 2687 horum
815 2629 1053 2685 commentorum
1077 2623 1236 2686 editionem

91 2725 223 2797 molitur,
248 2727 374 2804 contigit
395 2732 428 2786 ut
450 2727 557 2786 iterum
578 2728 800 2788 accuratissime
821 2745 888 2788 cum
909 2724 1011 2787 codice
1027 2724 1131 2787 collata
1147 2727 1236 2806 paulo

93 2829 180 2888 etiam
197 2827 398 2889 emendatiora
415 2844 533 2906 possem
550 2846 626 2907 quae
642 2827 677 2888 ad
695 2836 828 2890 nostram
844 2847 908 2890 rem
924 2829 1036 2890 iaciunt
1057 2846 1235 2908 proponere.

91 2930 167 2990 Sunt
188 2937 286 2990 autem
310 2929 397 2989 haec:
955 2923 958 2929 '

135 3080 189 3143 eci.
228 3077 304 3144 154
336 3098 436 3144 rorem

155 3217 167 3228 ·
225 3179 301 3244 -68
334 3186 483 3258 toperi,
513 3183 600 3263 ipro
622 3185 651 3244 ii.

157 3281 760 3365 --Wmmwmdw

158 3417 169 3430 ·
214 3386 241 3446 ll
262 3382 306 3448 20
339 3386 405 3447 ‘alii
434 3388 476 3448 sic
511 3386 709 3465 distinguunt:
739 3389 872 3463 pecoris.
906 3389 993 3458 niuei,
1027 3387 1094 3467 quia
1127 3389 1238 3468 antiqui

334 3488 450 3550 laneam
473 3487 568 3550 albam
592 3488 751 3550 admodum
774 3487 960 3566 diligebant'.
1006 3489 1139 3570 (peeoris
1161 3493 1241 3550 niuei

335 3590 416 3660 cod,
446 3597 528 3651 recte
551 3589 684 3652 distinxit
705 3589 741 3651 H.
765 3589 883 3669 Hagen:
919 3591 955 3652 01.
978 3590 1108 3652 Servius.
1150 3591 1236 3653 Com·

335 3687 484 3754 mentator
522 3694 552 3752 in
589 3711 643 3754 suo
681 3692 794 3754 codice·
820 3694 975 3754 coniuncta
1012 3692 1085 3772 legit
1114 3697 1238 3771 peeoris

333 3794 434 3873 niuei.)

155 3926 167 3939 ·
213 3893 236 3953 V
278 3892 298 3956 3
332 3893 1237 3975 ‘consedimueproconsidimus’(consedimusbiscodeu,

333 3999 517 4060 concidimus
544 4015 599 4076 pro
627 4000 815 4065 consedimus
841 3995 1016 4067 Muellerus,
1050 4000 1238 4060 consedimus

335 4098 522 4161 scholiastam
551 4098 659 4178 legisse
680 4099 822 4178 llagenus
851 4117 887 4159 ex
911 4107 1085 4177 argumento
1108 4095 1236 4178 eclogae,

298 4191 300 4194 ’
336 4200 388 4263 ubi
410 4202 440 4262 in
465 4200 569 4262 codem
593 4202 738 4263 versiculo
754 4203 949 4264 'consedimus
970 4199 1116 4272 laudatur,
1141 4202 1236 4262 evicit.

333 4303 515 4364 concidimus
537 4304 586 4383 pt)

158 4434 170 4450 ·
219 4434 232 4449 ·
263 4399 403 4478 28[011“

258 4507 264 4522 “
969 4504 1033 4570 tt*
