3038 4912
240 345 300 409 132
517 333 520 344 ¹
685 368 930 412 enoceooucnx.

239 565 242 570 >
323 535 355 596 1ιι
384 538 594 611 distinguendo
621 543 702 597 textu
731 535 833 598 sobrio
861 555 896 598 ac
923 535 1048 616 simplici
1081 556 1152 598 usus
1181 546 1228 598 est
1254 538 1421 599 iudiciot.
1468 615 1471 624 ,

240 644 324 698 recte
347 637 480 698 distinxit
502 639 532 697 ln
554 655 601 716 ge.
625 637 651 699 11
673 634 736 700 324
758 639 848 700 ‘vere
870 646 986 700 tument
1007 640 1138 709 terrae’,
1162 646 1195 699 ut
1217 639 1382 700 subiectum

238 747 320 804 esset
341 747 459 811 terrae,
483 741 553 801 item
576 743 646 802 Aen.
672 739 724 801 1111
749 735 825 811 118,
849 740 886 801 de
909 758 967 818 quo
990 741 1055 802 loco
1078 743 1108 801 in
1132 741 1255 802 Cornuti
1278 741 1382 803 studiis

237 840 452 904 adumbrandis
486 842 557 911 dixi,
595 841 822 924 comprehendit
855 847 904 904 iro
936 847 1063 904 inritata
1093 845 1233 918 deorum,
1270 861 1382 923 curque

232 944 342 1028 Terra,
360 945 468 1006 Famae
485 963 606 1024 parens,
623 947 696 1005 irata
712 944 776 1004 deis
792 944 869 1005 dicta
886 955 963 1006 esset
979 946 1116 1025 exposuit
1131 943 1232 1024 (schol.
1251 943 1379 1021 Veron).
1432 1022 1434 1025 ι

237 1045 316 1120 Scite
349 1048 488 1125 coniungi
504 1041 506 1046 ’
523 1045 613 1107 voluit
635 1049 706 1108 Aen.
730 1045 769 1107 lli
790 1043 834 1107 30
867 1047 960 1108 ‘altus
996 1065 1051 1126 per
1087 1048 1208 1108 tacitum
1237 1047 1381 1125 Ganges',

237 1165 303 1222 cum
338 1146 403 1209 aliis
436 1151 580 1226 ‘surgens
611 1167 665 1227 per
695 1149 831 1208 tacitum'
859 1151 959 1227 potius
987 1147 1145 1227 placuerit;
1179 1147 1381 1227 pulcherrime

238 1245 352 1312 incidit
376 1251 540 1312 orationem
573 1252 645 1311 Aen.
680 1249 717 1310 111
746 1245 809 1312 359
840 1259 909 1329 post
941 1249 1076 1320 ‘cedat',
1111 1261 1144 1313 ut
1171 1250 1381 1327 subsequentia

237 1354 302 1414 ‘ius
335 1355 510 1432 proprium’
544 1351 712 1432 penderent
744 1371 761 1412 a
795 1351 885 1413 verbo
918 1352 1094 1414 ‘remittat'.
1150 1353 1187 1413 Ei
1218 1353 1381 1413 Arusianus

241 1455 358 1516 blessus
381 1458 430 1534 qui
451 1475 480 1535 p.
504 1451 567 1515 249
589 1453 621 1515 L.
646 1454 775 1516 laudarit
796 1456 988 1532 ‘veniamque
1012 1472 1132 1515 oremus
1158 1452 1195 1515 ab
1223 1455 1301 1533 ipso:
1331 1471 1379 1514 ce·

236 1556 303 1618 dat'
338 1557 463 1619 eandem
499 1564 619 1618 secutus
652 1564 698 1618 est
730 1557 885 1618 rationem.
942 1555 983 1616 ue
1011 1555 1217 1635 distinguenda
1246 1557 1379 1616 oratione

237 1662 325 1722 ctiam
348 1663 419 1722 Aen.
444 1655 551 1722 11567
581 1658 786 1728 dubitabatur,
816 1659 866 1720 ubi
890 1661 1037 1735 Asprum,
1072 1659 1123 1738 qui
1151 1662 1248 1733 ignem
1277 1655 1379 1718 oribus

236 1763 467 1843 pectoribusque
484 1763 646 1840 Aegaeonis
662 1761 815 1822 ardentem
832 1763 946 1821 animae
963 1777 998 1819 ex
1019 1759 1129 1821 ferocia
1153 1758 1282 1820 calorem
1298 1765 1380 1820 recte

235 1865 446 1944 interpretatus
462 1866 500 1925 sit
513 1864 628 1943 (Seru),
647 1865 835 1925 manifestum
853 1871 898 1924 esi
912 1879 1036 1943 pausam
1052 1862 1159 1923 iecisse
1174 1871 1243 1942 post
1257 1859 1379 1922 verbum

236 1969 363 2040 arsisse,
389 1985 445 2027 nec
468 1969 566 2042 ignem
588 1967 682 2040 Ionis,
708 1965 759 2027 sed
778 1965 913 2039 fulmina
934 1967 1015 2026 Iocis
1036 1965 1235 2027 coniunxisse.
1279 1963 1380 2042 ltaque

237 2067 394 2129 admodum
418 2067 575 2148 probabile
598 2067 722 2140 videtur,
746 2067 964 2128 adnotationem
988 2065 1024 2126 ad
1048 2065 1127 2128 huuc
1149 2085 1278 2135 versum,
1302 2083 1379 2143 quae

236 2171 267 2230 in
292 2169 410 2231 schedis
434 2169 655 2231 Veronensibus
683 2176 777 2240 extat,
810 2187 944 2250 quaeque
973 2170 1002 2228 in
1033 2168 1088 2230 bac
1115 2170 1177 2247 ipsa
1207 2168 1379 2246 quaestione

237 2280 382 2342 versatur,
408 2267 466 2333 non
493 2291 528 2332 ex
551 2272 714 2341 Hateriani,
739 2279 770 2332 ut
791 2271 885 2332 Maius
908 2271 1076 2347 suspicatus
1098 2277 1152 2341 cst,
1177 2269 1227 2331 sed
1252 2276 1284 2330 ut
1305 2268 1379 2330 aliae

238 2383 283 2435 sat
305 2373 414 2435 multae
438 2393 472 2435 ex
496 2377 582 2454 Aspri
605 2375 818 2436 commentario
842 2373 1026 2452 desumptam
1050 2389 1125 2432 esse.
1175 2371 1208 2432 ln
1232 2389 1288 2449 qua
1311 2389 1378 2431 eum

236 2475 373 2536 laudetur
390 2478 462 2537 Aen.
488 2477 499 2538 l
522 2473 564 2536 42
588 2479 669 2556 ‘ipsa
692 2476 767 2537 lovis
789 2475 924 2554 rapidum
948 2472 1071 2535 iaculata
1087 2491 1103 2533 e
1118 2473 1242 2534 navibus
1257 2474 1378 2552 ignem',

238 2576 396 2638 videndum
420 2597 489 2639 num
520 2581 608 2639 etiam
638 2596 713 2656 quae
742 2577 778 2637 de
802 2575 876 2638 lovis
904 2573 1029 2638 fulmine
1059 2575 1138 2655 apud
1162 2575 1297 2636 Serrium
1326 2574 1378 2635 do·

236 2687 341 2740 centur
384 2698 418 2740 ex
450 2680 553 2741 eodem
582 2682 663 2741 lonle
692 2679 794 2740 bansta
823 2681 892 2740 sint.
941 2677 1080 2740 Addenda
1113 2695 1189 2758 quae
1215 2677 1382 2739 Macrobius

235 2780 258 2839 V
280 2777 330 2849 22,
356 2777 375 2842 8
398 2781 488 2843 babet
512 2781 549 2842 de
573 2783 677 2843 eodem
699 2780 774 2842 loco,
825 2779 877 2840 His
904 2779 1043 2841 omnibus
1070 2786 1169 2841 autem
1200 2779 1272 2842 locis
1294 2781 1381 2860 Aspri

235 2865 385 2944 distinctio
407 2892 526 2963 recepta
551 2892 596 2944 est
618 2885 649 2943 in
674 2882 782 2944 librum
807 2881 982 2944 Mediceum.

303 2983 378 3045 'Sed
403 2985 480 3046 idem
502 2984 553 3046 ille
581 2987 662 3046 sauls
689 2985 763 3046 locis
794 3002 899 3046 sanum
928 2991 957 3044 et
983 2985 1049 3063 ipse
1076 3003 1196 3046 sensum
1223 2991 1379 3065 praestans

235 3088 445 3165 grammaticus
468 3088 496 3147 in
521 3094 664 3166 corrupto
688 3086 834 3150 versiculo
857 3089 929 3147 Aen.
955 3083 1077 3148 111403
1106 3085 1233 3147 malebat
1255 3084 1379 3147 credere

235 3189 397 3250 ‘adfectata
431 3193 599 3249 structura’
630 3199 734 3267 quarto
764 3188 828 3250 loco
857 3190 982 3268 positam
1013 3207 1078 3248 esse
1105 3187 1280 3268 particulam
1312 3191 1378 3248 ‘ei'

238 3289 338 3369 (idque
366 3292 517 3369 persuasit
539 3291 700 3370 Prisciauo)
731 3310 817 3370 quam
847 3291 951 3352 sordes
980 3289 1163 3351 emendando
1197 3289 1379 3369 abstergere.

235 3393 367 3469 Cumque
392 3392 537 3471 exemplis
560 3389 661 3454 utatur
681 3395 753 3454 Aen.
778 3389 881 3454 11369
904 3399 934 3452 et
955 3388 1075 3463 V1254,
1100 3392 1227 3455 dicimus
1251 3391 1378 3453 cundem

233 3492 293 3552 illic
313 3510 470 3570 pavorque
492 3512 546 3572 pro
570 3513 605 3554 eo
629 3493 706 3574 quod
730 3496 760 3555 in
791 3495 901 3555 nostris
929 3492 1014 3555 libris
1041 3496 1181 3556 omnibus
1205 3502 1250 3557 est
1271 3511 1374 3572 pauor

234 3593 340 3672 legisse
362 3614 482 3674 pravam
505 3594 619 3657 scilicet
641 3598 728 3658 metri
750 3613 838 3658 causa
861 3598 1064 3658 coniecturam
1087 3608 1233 3659 secutum.
1338 3585 1341 3590 ’

318 3696 492 3758 Tronsimus
514 3696 551 3757 ad
575 3715 638 3759 eam
662 3700 942 3760 commentariorum
964 3707 1094 3778 partem,
1123 3717 1198 3780 quae
1227 3695 1262 3760 ad
1286 3701 1378 3759 inter-

230 3801 431 3874 pretationem
459 3801 585 3860 maxime
608 3800 774 3880 spectabam
810 3817 933 3878 eamque
961 3801 1160 3880 praevaluisse
1188 3803 1228 3862 ita
1258 3808 1289 3862 ut
1317 3800 1377 3862 col·

234 3899 319 3960 lectis
350 3900 510 3980 diligenter
539 3911 707 3964 ceterorum
736 3904 932 3981 interpretum
966 3903 1156 3982 opinionibus
1188 3906 1315 3966 maxime
1348 3913 1381 3964 ut

233 4001 479 4080 intellegerentur
502 4004 633 4066 carmina
656 4012 789 4073 curaret,
819 4003 962 4083 Bergkius
986 4005 1102 4084 ephem.
1126 4007 1272 4085 antiquitt.
1298 4003 1381 4066 1841)

233 4115 261 4183 p.
289 4100 350 4165 118
379 4107 413 4165 ex
437 4105 610 4186 Hieronymi
641 4105 718 4185 apol.
753 4125 777 4166 c.
802 4105 897 4166 liofiu.
926 4103 990 4167 495
1010 4115 1048 4184 et
1069 4109 1222 4186 Augustini
1249 4107 1285 4167 de
1314 4108 1378 4169 utll.

233 4205 315 4266 cred.
342 4227 367 4266 c.
395 4205 431 4268 17
456 4209 561 4268 ellecit.
616 4208 759 4286 Exposuit
787 4209 876 4286 igitur
903 4208 940 4269 dc
969 4209 1119 4270 vocabulis
1147 4213 1244 4270 sinum
1273 4210 1378 4288 (schol.

234 4306 342 4368 Veron.
367 4309 408 4374 ad,
426 4308 480 4369 ecl.
506 4308 554 4370 Vll
577 4299 618 4370 33
642 4308 708 4370 coll.
725 4309 836 4378 Servio,
860 4310 1012 4372 Prisciano
1035 4305 1377 4390 714n0n10547,18)

232 4413 338 4472 solium
362 4409 453 4488 (Serv.
478 4413 550 4474 Aen.
576 4411 622 4472 Vll
647 4409 716 4480 169)
740 4431 834 4475 cruor
863 4413 966 4492 (schol.
991 4413 1098 4474 Veron.
1122 4416 1193 4475 Acu
1224 4413 1287 4473 Vlll
1318 4409 1377 4474 106
