3038 4912
573 378 817 420 ruonroounurr.
1224 355 1264 418 87
1350 379 1353 390 ·

116 549 197 610 hanc
219 565 323 628 pacem
346 553 472 626 rumpet,
505 555 536 606 ut
558 551 710 624 sceptrum
735 544 790 605 hoc
812 564 972 625 numquam
997 545 1128 615 virebit&
1178 545 1262 605 Eam·

116 669 179 732 que
207 649 425 728 neglegentiam
454 657 570 708 rotures
598 649 716 708 criticos
744 666 803 708 uon
831 649 942 726 fugisse
971 646 1059 708 docet
1086 645 1263 708 Macrobius.

117 751 233 816 Deinde
254 753 344 812 inane
366 749 544 811 hemistichii
559 745 620 810 227
644 749 884 829 supptementum
907 749 997 810 ‘haut
1019 750 1116 810 nescia
1133 751 1262 810 rerum’.

107 841 157 916 ‘Et
179 854 319 934 quoniam
346 851 523 913 industriam
551 850 798 930 interpolatorum
832 850 985 935 explendis
1015 852 1143 911 maxime
1173 850 1264 910 versi·

118 955 194 1016 culis
217 954 344 1016 deditam
367 955 459 1014 tuisse
482 954 553 1013 satis
576 951 782 1030 cognorimus,
814 955 983 1033 suspicione
1013 970 1051 1012 no
1074 949 1122 1012 itta
1146 950 1263 1029 quidem

117 1065 237 1128 carent,
272 1073 347 1136 quae
375 1052 589 1134 Peerlkampus
623 1057 728 1116 reiecit
763 1061 810 1116 ‘ot
844 1063 873 1116 te
906 1056 1005 1116 animo
1035 1100 1041 1113 .
1067 1099 1073 1112 .
1100 1099 1106 1114 .
1136 1051 1265 1114 Hector'

116 1156 183 1221 439
205 1176 249 1236 sq.

205 1258 284 1320 Nihil
307 1259 343 1320 ad
365 1277 429 1319 rcrn
451 1259 551 1320 iacere
580 1277 605 1318 r.
628 1254 691 1320 563
715 1278 758 1339 sq.
790 1261 864 1320 ‘nec
892 1267 975 1319 scuta
996 1303 1003 1318 .
1028 1303 1035 1316 .
1059 1304 1066 1317 .
1093 1256 1264 1336 deponuut'

120 1361 210 1424 verba
233 1360 382 1431 adnotavit
403 1361 584 1438 Wagnerus‚
615 1360 666 1421 sed
690 1360 769 1421 idem
792 1361 887 1422 studio
915 1368 1020 1440 poetae
1050 1360 1183 1420 instituta
1206 1356 1264 1417 Ro·

119 1482 207 1525 mana
230 1481 265 1522 ex
288 1462 486 1538 antiquissimi
509 1464 573 1521 aevi
595 1462 810 1523 consuetudine
832 1461 989 1540 repetendi
1018 1463 1088 1522 satis
1111 1477 1263 1521 excusans.

118 1566 205 1628 Unus
227 1583 262 1624 ex
286 1561 402 1624 dnobus
425 1562 577 1624 versiculis
599 1565 648 1624 bat
670 1565 695 1625 si
717 1562 910 1626 contrahatur
933 1563 978 1624 ret
1001 1565 1060 1624 sic:
1099 1549 1100 1552 ¹

323 1702 462 1759 concurrit
485 1701 568 1776 logio.
613 1703 687 1760 celso
710 1713 786 1760 stans
809 1720 910 1778 aggere
934 1703 1006 1760 tatur

116 1809 165 1872 vei
191 1812 244 1871 sic:

324 1926 461 1980 concurrit
484 1922 566 1998 tegio.
612 1924 717 1980 medius
740 1932 815 1982 stans
838 1942 940 1999 aggere
964 1926 1047 1982 tator.

119 2059 265 2120 Versuum
290 2054 363 2116 ordo
387 2053 504 2117 duobus
526 2055 600 2117 locis
621 2056 773 2119 turbatus:
798 2053 861 2120 515
882 2075 927 2135 sq.
951 2065 980 2118 et
1002 2054 1062 2118 801
1088 2075 1131 2135 sq.

106 2233 109 2238 .
205 2176 265 2236 ianr
290 2181 322 2234 nt
343 2173 487 2252 colligam,
520 2175 658 2237 omnibns
680 2178 813 2238 numeris
836 2175 959 2238 absolvit
981 2173 1128 2253 Vergilius
1152 2171 1264 2234 nntium

117 2276 258 2339 Aeneidis
280 2274 405 2338 librum:
435 2277 572 2337 recitavit
595 2279 670 2338 intra
695 2285 838 2339 excuntes
860 2296 954 2339 annos
978 2275 1037 2339 731
1063 2284 1092 2336 et
1114 2272 1177 2337 732
1198 2291 1264 2334 sex·
1351 2347 1354 2352 Ι

118 2387 182 2440 tum
204 2385 233 2438 et
255 2384 396 2455 quartem
425 2385 454 2465 et
476 2381 611 2454 primum
638 2378 821 2458 probabilius
844 2397 930 2460 quam
959 2381 1129 2442 secundun.
1180 2375 1265 2437 litum

120 2487 222 2542 autem
244 2498 278 2542 ac
300 2480 426 2540 tortasse
449 2478 527 2541 huuc
550 2498 668 2560 quoque
690 2484 748 2542 iam
772 2500 850 2543 anno
871 2479 932 2544 728
948 2481 993 2542 vet
1009 2477 1071 2542 729
1087 2486 1267 2557 cognoverat

119 2583 301 2662 Propertius.
351 2582 473 2642 Primus
500 2590 568 2660 post
595 2601 621 2643 a.
646 2581 723 2653 725,
752 2584 803 2644 sed
834 2592 900 2645 ante
928 2580 989 2645 727
1013 2602 1039 2644 a.
1063 2582 1090 2643 d.
1114 2580 1177 2642 xvt
1200 2578 1263 2641 Kal.

119 2683 207 2746 Febr.
232 2685 371 2762 scriptus,
394 2691 463 2762 post
486 2683 613 2745 cundem
636 2687 796 2756 terminum
820 2695 904 2747 ortus
927 2695 973 2746 est
996 2694 1134 2759 octavus,
1160 2686 1265 2744 tertius

119 2792 189 2866 post
210 2803 235 2845 a.
260 2782 331 2854 726,
355 2802 410 2846 uec
432 2787 584 2846 recentior
607 2805 641 2847 eo
664 2797 808 2863 quartus,
837 2788 888 2849 sed
919 2797 963 2848 est
990 2789 1149 2848 secundus.
1195 2785 1266 2845 Post

122 2889 241 2948 tertium
265 2895 295 2947 et
317 2893 455 2966 quartum
481 2896 510 2948 et
532 2890 603 2948 noni
626 2896 742 2968 partem
766 2897 847 2950 certe
870 2896 958 2950 natos
982 2893 1179 2963 emoriatur,
1213 2885 1264 2946 sed

119 3007 217 3052 nonus
238 3005 358 3069 quoque
380 2997 450 3068 post
473 2991 594 3051 tertium
618 3002 647 3052 et
669 2999 817 3070 quartum.
868 2991 976 3053 [iltimo
1004 2991 1080 3050 ritae
1103 3006 1180 3051 anuo
1204 2983 1266 3048 734

120 3093 152 3152 in
173 3094 297 3168 septimo
319 3100 482 3170 occupatus
504 3093 559 3153 tuit
581 3100 678 3172 poeta.
723 3092 817 3163 Quem
841 3100 957 3154 constat
978 3111 1055 3152 anuo
1080 3091 1182 3151 aetatis
1205 3087 1263 3157 hit,

18 3223 33 3248 ·
121 3193 151 3252 h.
176 3211 201 3252 e.
220 3189 281 3254 735
290 3212 324 3254 u.
340 3211 365 3253 c.
388 3211 531 3254 summam
555 3194 678 3255 Aeneidi
700 3213 819 3256 maunnr
843 3195 1041 3274 iupositurum
1065 3195 1096 3253 in
1112 3192 1264 3252 Graeciam

122 3295 294 3364 secessisse,
320 3293 370 3355 ubi
394 3297 523 3357 triennio
547 3297 688 3358 contiuuo
712 3297 884 3358 emendaret
906 3314 1026 3376 poema,
1050 3294 1103 3355 sed
1126 3311 1194 3352 mor
1217 3309 1264 3351 rc·

123 3414 242 3456 versum
264 3395 413 3456 brundisii
429 3397 467 3457 Xi
490 3397 553 3458 liat.
572 3397 692 3459 Octobr.
717 3398 850 3459 eiusdem
873 3401 943 3460 anni
965 3397 1043 3458 diem
1059 3395 1177 3464 obiisse,
1202 3392 1263 3452 erti-

122 3506 182 3558 tam
205 3505 302 3556 autem
327 3515 392 3556 esso
414 3499 543 3560 hcuoida
567 3498 603 3559 ab
625 3502 727 3561 amicis
749 3501 837 3562 Vario
860 3508 889 3561 ct
909 3500 1017 3561 Tucca.
