3038 4912
582 342 829 386 33333333333.
1220 308 1279 374 117

136 510 214 571 disse
237 517 268 571 et
289 509 385 590 aliqua
408 513 487 572 iuter
510 519 759 573 commentatores
782 513 845 572 eins
868 509 1042 571 auctoritate
1058 509 1188 566 t'ructum
1204 521 1278 562 esse.

135 611 179 672 1111
204 620 303 674 autem
326 613 446 674 saeculo
469 613 542 676 tales
565 615 695 692 argutias
717 615 829 674 rectius
851 631 938 692 qnam
961 610 1086 689 Augusti
1108 602 1279 684 aequalibus

136 715 225 775 tribui
253 717 329 776 inira
364 715 502 778 elucebit.
558 717 697 777 Ceterum
731 715 805 778 alios
832 714 981 776 Polliones
1013 710 1222 790 grammaticos
1251 715 1280 769 et

136 816 341 902 Tborbeelius
365 828 395 879 31
417 818 653 880 Graeienbanius
674 817 703 880 ll.
727 816 758 878 11.
782 817 995 880 indicaverunt.

586 999 600 1036 Φ

667 1052 742 1136 §a

218 1225 300 1286 luter
314 1228 460 1307 33113333,
477 1228 527 1305 qui
543 1228 661 1307 seriptis
672 1225 833 1306 Vergilium
851 1232 1060 1294 tractaverunt,
1076 1231 1144 1304 3331
1158 1223 1277 1284 Varium
1331 1213 1335 1220 “

133 1330 335 1389 etAsconinm
360 1335 388 1390 et
409 1329 560 1390 llelissum
583 1338 612 1391 et
634 1329 850 1391 obtrectatores
871 1329 944 1389 istos
968 1328 1082 1407 primus
1105 1344 1277 1387 memoran-

132 1413 196 1490 dns¹
210 1438 255 1491 cst
278 1433 308 1493 C.
330 1432 428 1493 Iulius
443 1431 590 1510 11331333,
607 1434 729 1511 Augusti
753 1430 886 1500 libertus
899 1429 1157 1491 'familiarissimus
1173 1427 1276 1490 Ouidio

132 1541 237 1612 poetae
260 1539 290 1593 31
312 1532 413 1595 Clodio
435 1533 538 1596 Licino
561 1535 710 1596 corisolari
733 1534 883 1604 lristorico,
907 1533 1056 1594 Palatinae
1079 1531 1276 1592 bibliothecae

132 1635 309 1714 praelectus,
334 1637 417 1697 cuius
440 1637 528 1698 vitam
550 1635 738 1698 adumbravit
752 1636 911 1698 Suetonius
934 1633 971 1695 do
986 1633 1028 1695 ill.
1045 1651 1089 1712 gr.
1106 1630 1157 1694 20.
1180 1634 1274 1706 Quem

131 1756 198 1799 cum
222 1736 383 1800 Columella
418 1737 454 1798 de
483 1755 516 1798 re
544 1747 618 1799 rust.
642 1738 653 1798 l
678 1736 704 1808 i,
731 1737 780 1808 13,
813 1738 863 1801 uhi
887 1736 1106 1816 agricolationis
1138 1743 1275 1798 auctores

130 1848 303 1908 enumerat,
339 1841 442 1918 iquasi
470 1840 691 1920 paedagogum'
714 1839 834 1919 Vergilii
858 1841 950 1909 dicat,
980 1841 1050 1900 satis
1080 1837 1274 1918 probabiliter

129 1941 321 2003 bernhardus
345 1942 438 2004 liuute
463 1942 508 2020 (de
532 1943 563 2004 C.
589 1943 654 2004 13111
677 1943 831 2024 Hygini..
856 1943 913 2002 vita
935 1949 965 2002 et
986 1942 1106 2020 scriptis
1127 1959 1156 2020 3.
1183 1939 1220 2001 11
1245 1951 1274 2002 31

127 2039 179 2121 54)
203 2045 330 2105 33313311
353 2044 418 2106 3133
447 2044 484 2105 113
511 2062 545 2106 re
568 2047 677 2106 rustica
706 2051 738 2106 'et
767 2043 803 2106 de
834 2044 939 2124 apibus
966 2042 1050 2104 libris
1073 2045 1103 2103 13
1125 2044 1273 2121 georgicis

84 2198 88 2208 .
128 2163 214 2204 usum
238 2165 304 2208 osse
327 2154 460 2224 poetam,
491 2145 580 2224 idque
602 2148 769 2226 significare
798 2146 913 2207 violetur
936 2144 1096 2208 Columella
1119 2143 1176 2204 alio
1199 2162 1272 2224 quo·

128 2263 185 2323 que
208 2246 274 2308 loco
297 2245 388 2308 1112.
433 2248 465 2308 ln
489 2249 618 2311 Aeneide
641 2249 785 2327 quaedam
809 2258 845 2310 ex
867 2249 976 2328 Hygini
999 2247 1035 2308 de
1058 2245 1175 2308 lamiliis
1197 2245 1271 2306 Tro·

127 2349 201 2408 ianis
225 2347 301 2410 libro
325 2349 427 2412 bansta
458 2369 522 2413 esse
551 2353 616 2432 1333
639 2352 761 2413 Servius
784 2351 819 2412 ad
842 2353 912 2413 Aen.
937 2352 960 2412 V
982 2345 1045 2411 389
1068 2355 1194 2409 testatur
1215 2366 1271 2410 nee

127 2447 223 2511 obstat
245 2452 407 2531 quidquam
430 2456 501 2533 quio
524 2438 621 2522 etiam,
646 2471 721 2533 quae
744 2453 798 2515 ‘de
822 2452 947 2514 urbibus
964 2452 1088 2513 ltalicis'
1111 2448 1269 2512 Alexandri

127 2551 319 2632 Polybistoris
342 2554 480 2617 alumnus
504 2557 685 2636 composuit,
714 2555 892 2634 aliquotiens
914 2555 963 2617 illa
987 2571 1106 2635 quoque
1128 2573 1144 2614 a
1168 2553 1269 2614 Servio

126 2653 255 2724 laudata,
286 2655 444 2734 Vergilium
468 2659 498 2717 13
521 2658 606 2720 libris
628 2660 755 2720 maxime
779 2659 827 2719 Vll
851 2645 971 2719 uviri
994 2655 1163 2718 scribendis
1185 2655 1268 2716 adbi-

126 2754 224 2817 buisse
247 2747 438 2820 statuamus(
466 2759 559 2821 liuius
581 2762 671 2839 igitur
693 2761 770 2822 docti
801 2762 931 2823 auctoris
960 2761 1210 2821 ‘commentarios
1236 2763 1268 2819 iu

130 2861 294 2935 Vergilium
313 2859 435 2934 saetos'
464 2860 564 2924 laudat
586 2863 698 2925 Gellius
720 2860 809 2933 121,
840 2866 1008 2926 accuratius
1030 2869 1127 2924 autem
1151 2861 1215 2923 XVl
1236 2861 1265 2931 u,

125 2959 165 3022 14
186 2963 347 3040 ‘quartum
368 2965 514 3026 librorum
537 2983 610 3041 quos
625 2968 663 3026 de
685 2967 816 3041 Vergilio
834 2967 931 3041 feeit'
954 2965 1093 3036 delinivit,
1117 2972 1149 3026 ut
1165 2967 1266 3041 quaeri

122 3067 217 3144 333311
239 3073 337 3127 utrum
362 3068 512 3135 continuo,
536 3084 624 3146 quem
641 3069 776 3140 dicimus,
800 3071 1013 3131 commentario
1029 3075 1205 3148 persecutus
1228 3069 1266 3128 sit

124 3174 237 3228 textum
259 3175 379 3246 poetae,
405 3187 442 3229 an
466 3167 636 3246 (quaesere
660 3171 809 3253 11331113.
833 3168 1119 3248 30333133113331)
1151 3171 1263 3249 capitu·

123 3266 204 3328 latim
228 3268 359 3347 singulas
382 3272 570 3348 quaestiones
593 3273 761 3335 absolverit.
807 3278 879 3338 Nam
904 3293 973 3335 casu
990 3276 1098 3336 iactum
1122 3289 1188 3332 3333
1210 3290 1263 3351 33-

123 3377 182 3431 1331
203 3377 236 3431 31
257 3372 294 3432 113
317 3389 403 3433 versu
427 3391 462 3433 ex
492 3384 597 3451 quarto
620 3376 766 3438 Aeneidos
793 3376 869 3438 lihro
891 3373 961 3456 51,
979 3375 1030 3438 ubi
1059 3395 1134 3454 quae
1164 3385 1264 3438 essent

120 3473 254 3534 bidentes
275 3469 384 3544 docuit,
408 3476 527 3555 inipso
550 3495 672 3540 sonuum
696 3479 733 3540 de
756 3479 885 3559 Vergilio
908 3478 1052 3540 librorum
1076 3473 1180 3556 quarto
1204 3478 1262 3540 dis·

121 3583 237 3636 sereret
266 3575 370 3654 (Gellio
393 3577 457 3639 XVl
480 3575 509 3649 6,
535 3577 574 3640 14
597 3586 697 3660 teste),
727 3590 814 3662 atque
838 3584 974 3660 quintum
997 3580 1077 3642 blano
1106 3591 1263 3644 numerant

122 3677 265 3738 llaerobii
281 3677 341 3739 Sat.
366 3678 404 3739 Vl
426 3677 446 3740 9
468 3681 596 3744 codices.
641 3683 702 3745 Alia
725 3693 823 3746 autem
847 3687 1014 3748 testimonia
1038 3683 1154 3745 desunt.

204 3779 264 3840 Neo
279 3781 311 3841 13
327 3781 456 3842 Aeneide
473 3791 595 3856 tautum,
619 3786 717 3847 sedin
741 3788 890 3866 georgicis
911 3803 1027 3868 quoque
1050 3793 1182 3848 versatus
1206 3795 1259 3855 est,

120 3899 154 3940 ex
171 3880 280 3958 quibus
297 3901 386 3944 unam
402 3892 483 3946 certe
499 3905 600 3948 rocem
618 3891 737 3967 egregie
753 3889 790 3952 ab
805 3909 841 3952 33
857 3891 1043 3952 emendatam
1059 3910 1124 3952 esse
1140 3893 1258 3953 scimus.

120 3981 256 4062 13333313
274 3986 352 4046 euim
368 3985 454 4062 libro,
479 4004 567 4066 quem
590 3992 682 4053 luisse
705 3996 756 4053 ‘ex
781 3993 870 4055 domo
893 4000 979 4072 atque
1004 4014 1037 4056 ex
1063 3995 1171 4059 lamilia
1187 3997 1258 4057 Ver-

119 4081 198 4160 gilii’
221 4085 418 4160 adseveravit,
448 4090 585 4155 relictum
614 4113 630 4154 a
658 4103 745 4174 33313
774 4113 820 4174 ge,
845 4094 953 4159 11241
982 4115 1109 4161 amarer
1137 4101 1257 4171 invenit,
1341 4153 1346 4162 .

118 4185 197 4265 quod
220 4187 249 4247 iu
275 4188 406 4270 mdgatae
429 4209 538 4256 amoro
559 4198 726 4277 scripturae
749 4197 813 4260 loco
841 4201 1046 4280 reponendum
1075 4221 1141 4264 esse
1170 4204 1258 4266 etiam

117 4286 183 4348 aliis
206 4287 301 4352 doctis
324 4295 393 4355 viris
415 4297 627 4375 comprobarit.
659 4300 796 4362 Ceterum
813 4303 899 4365 Gellii
915 4305 1167 4376 consuetudinem,
1185 4325 1256 4387 qua·

118 4389 175 4452 lem
208 4411 305 4474 nuper
338 4403 368 4457 et
395 4397 575 4461 blercklinus
608 4403 715 4466 annall.
749 4404 862 4484 philoll.
893 4406 989 4487 33331.
1018 4407 1057 4468 tlt
1084 4405 1200 4470 13335
1228 4417 1257 4470 31
