2956 4906
549 357 792 400 anonsoonenn.
1176 335 1244 402 ’205

91 523 186 584 ,nibus
216 533 278 586 est:
314 542 381 585 nam
415 522 562 603 duplicem
592 525 771 603 scripturam
802 523 922 586 tradidit
943 523 1181 588 Vindobone'nsis
1209 524 1245 583 de

102 627 224 687 nomine
247 634 276 686 ct
298 645 384 705 pron.
407 627 618 703 grammaticus
641 632 669 704 p.
696 623 757 688 135
779 625 811 686 E.

183 728 240 789 Sed
264 728 374 808 quide
397 727 510 788 ultimis
532 726 652 807 syllabis
675 730 797 807 scripsit
819 735 944 789 testatur
966 726 1048 788 solus
1071 725 1125 787 ecl.
1150 727 1189 787 lll
1205 724 1244 788 12

97 831 277 906 Daphnidos
306 830 450 908 scriptum
485 848 551 890 esse
584 828 688 890 eodem
722 829 841 909 quidem
874 829 941 890 loco
975 827 1013 908 lp.
1039 826 1111 899 228,
1133 825 1176 890 23
1197 828 1243 908 Κ.)

96 951 155 1011 quo
178 934 279 993 Panos
301 933 470 1010 genetivum
486 925 558 992 den.
583 928 734 992 V111344
756 949 902 992 consensu
925 930 1069 992 librorum
1094 939 1123 992 et
1145 948 1243 1009 gram·

96 1035 273 1095 maticorum
294 1041 428 1095 veterum
453 1034 658 1094 confirmatum
682 1041 904 1103 commemorat,
928 1041 1042 1095 utnon
1065 1034 1244 1094 temerarius

95 1134 252 1197 habendus
279 1137 319 1196 sit
346 1137 397 1213 qui
425 1134 497 1196 illud
527 1153 644 1216 quoque
671 1135 717 1196 rel
745 1135 923 1215 posthabitis
952 1135 1104 1196 codicibus
1132 1137 1244 1200 nostris

95 1236 236 1299 omnibus
257 1239 287 1298 in
310 1245 424 1299 textum
446 1238 564 1298 inierat.

181 1339 214 1400 ln
236 1341 315 1400 Pet
334 1339 550 1400 recentioribus
573 1340 747 1416 quibusdam
776 1339 862 1402 libris
890 1339 982 1410 redit,
1012 1339 1089 1420 quod
1119 1358 1147 1418 p.
1171 1335 1242 1408 237,

94 1437 173 1502 511.
200 1443 323 1502 exten.
347 1442 383 1502 lll
411 1439 444 1502 ll
473 1442 606 1502 adfertur
629 1459 745 1517 munus,
771 1460 830 1503 non
846 1460 976 1510 manum,
1000 1441 1051 1502 sed
1074 1439 1146 1501 illud
1170 1460 1242 1520 quo·

96 1543 184 1603 modo
208 1555 306 1604 ortum
322 1544 360 1604 sit
382 1545 446 1622 ipse
469 1550 616 1604 monstrat
629 1543 790 1634 Palatinus,
815 1546 846 1604 in
869 1562 928 1621 quo
953 1562 1020 1604 cum
1037 1561 1125 1603 manu
1140 1545 1241 1621 priore

96 1644 421 1706 MANVSOLLECTOS
445 1647 584 1714 extiterit,
608 1646 705 1706 iuerat
727 1647 758 1706 in
781 1646 868 1706 buius
891 1645 1051 1726 archetypo
1073 1643 1162 1724 paulo
1183 1645 1243 1704 ior·

95 1754 174 1807 tasse
205 1746 411 1825 neglegentius
444 1748 488 1807 sic
517 1755 669 1808 exaratum
698 1738 1027 1808 bthVCOLLECTOS.
1085 1747 1242 1807 Commen-

97 1847 176 1908 davit
199 1848 320 1909 Servius
343 1865 402 1909 non
426 1849 490 1909 sine
513 1851 613 1928 specie
636 1847 713 1928 quod
737 1868 766 1928 p.
789 1844 862 1918 233,
886 1845 928 1910 25
949 1849 984 1908 K.
1008 1851 1131 1909 ueniunt
1159 1851 1240 1923 (den,
1308 1929 1312 1932 -

95 1949 146 2010 Vll
163 1946 214 2028 98)
238 1950 375 2011 laudatur
399 1969 453 2029 pro
476 1969 511 2010 eo
534 1950 612 2030 quod
636 1952 666 2010 in
688 1951 799 2010 nostris
822 1951 943 2028 optimis
966 1958 1011 2010 est
1034 1953 1167 2018 renisam
1190 1949 1241 2010 sed

94 2057 193 2130 potest
214 2051 271 2112 hoc
295 2071 310 2112 a
335 2058 569 2113 commentatore
592 2050 690 2130 aliquo
712 2051 822 2112 iactum
846 2071 921 2112 esse.

186 2153 237 2214 Vel
262 2155 423 2214 memoriae
445 2153 531 2233 lapsu
552 2154 597 2215 vel
621 2173 656 2214 ex
680 2151 857 2233 interpolato
873 2153 974 2214 codice
991 2160 1054 2213 orta
1071 2162 1139 2213 sunt
1154 2152 1242 2214 haec:

136 2257 167 2315 in
190 2257 286 2318 Probi
306 2258 355 2337 qui
379 2255 487 2316 dicitur
510 2258 686 2316 denomino
708 2264 876 2316 commento

201 2377 229 2438 p.
254 2355 326 2429 213,
350 2355 392 2419 23
414 2358 450 2419 Κ.
473 2361 595 2419 tremuit
616 2361 806 2437 properauit
841 2359 914 2418 Aen.
938 2357 975 2418 Vl
997 2354 1061 2418 413

129 2521 131 2526 ,
212 2493 224 2504 -
254 2456 326 2530 210,
350 2455 392 2518 22
428 2492 439 2504 -
472 2477 546 2522 aeuo
568 2479 624 2540 pro
646 2462 718 2521 orbe
752 2461 824 2520 den.
849 2455 970 2521 V1745

134 2561 165 2621 in
190 2559 266 2622 libro
290 2564 327 2622 de
349 2564 462 2623 ultimis
482 2545 606 2638 syllabis

201 2682 231 2743 p.
254 2659 326 2734 255,
351 2659 393 2724 23
415 2681 562 2741 responsa
583 2683 639 2743 pro
655 2671 828 2740 praecepta
863 2681 910 2742 ge.
933 2663 986 2724 llll
1001 2659 1064 2725 398
1087 2662 1154 2726 coll.
1170 2663 1239 2724 Phi-

415 2765 544 2846 largyrio

212 2897 224 2910 ·
255 2862 328 2938 254,
352 2863 593 2928 29conoersom
616 2871 770 2930 alumine
795 2886 851 2948 pro
879 2864 1023 2928 incendia
1045 2885 1123 2929 vano
1166 2871 1239 2930 hen.

415 2965 800 3051 mmmmm

208 3101 220 3114 -
253 3067 326 3140 262,
349 3067 392 3132 30
414 3073 483 3132 citis
505 3090 561 3151 pro
583 3074 703 3132 summis
737 3074 811 3132 Aen.
835 3071 860 3132 X
883 3067 944 3132 766
1261 3133 1263 3140 ,

207 3203 219 3216 -
250 3169 322 3243 235,
345 3170 385 3232 21
408 3176 471 3234 siue
491 3190 587 3234 meum
609 3191 665 3252 pro
689 3173 735 3234 his
756 3182 786 3234 et
807 3191 854 3234 me
874 3191 927 3234 seu
967 3174 1038 3233 den.
1062 3171 1116 3233 xit
1138 3168 1209 3236 935.

177 3273 335 3335 Charisius
365 3277 558 3352 quam'totus
580 3276 643 3335 iere
666 3275 794 3354 pendeat
817 3293 853 3335 ex
875 3273 943 3334 lulii
962 3273 1103 3344 Romani,
1138 3275 1237 3337 Palae·

89 3377 199 3444 monis,
223 3375 391 3436 Cominiani
413 3379 639 3438 commentariis
662 3379 733 3438 satis
756 3377 792 3437 ab
808 3376 843 3436 H.
868 3375 965 3438 Keilio
988 3384 1019 3437 ct
1041 3375 1238 3437 Sobottmuel-

91 3476 157 3538 lero
192 3476 239 3555 (de
261 3478 294 3539 C.
317 3477 407 3539 Plinii
429 3478 559 3540 Secundi
593 3477 678 3539 libris
709 3477 918 3557 grammaticis)
953 3485 1149 3540 monstratum
1184 3487 1237 3549 est,

89 3578 201 3639 eisdem
225 3586 324 3640 autem
348 3598 453 3659 magna
477 3599 512 3640 ex
535 3587 621 3660 parte
643 3581 775 3642 lontibus
798 3599 883 3642 usum
907 3599 972 3642 esse
988 3583 1159 3643 Diomedem
1183 3581 1236 3641 do·

88 3681 149 3740 cuit
171 3679 250 3741 idem
273 3680 395 3744 Keilius.
440 3683 543 3762 ltaque
566 3701 582 3742 a
604 3681 643 3743 Ill
666 3684 736 3743 viris
758 3681 816 3742 illis
840 3681 931 3742 multa
954 3700 1030 3763 quae
1053 3683 1090 3744 de
1113 3683 1236 3762 Vergilii

88 3789 172 3844 textu
196 3785 358 3843 memoriae
381 3782 578 3853 tradiderunt,
601 3785 694 3845 immo
717 3786 804 3845 etiam
827 3783 933 3845 altiore
955 3803 992 3844 ex
1006 3786 1128 3863 origine
1148 3803 1235 3865 repe·

88 3884 186 3955 tenda,
203 3903 381 3965 quamquam
397 3884 445 3946 bic
466 3886 593 3946 maxime
608 3885 771 3946 tenendum
789 3892 833 3946 est
846 3887 990 3964 quaedam
1006 3888 1236 3949 intermiscuisse

85 3987 168 4066 ipsos
191 3987 416 4066 compilatores,
447 3987 555 4064 quibus
585 3989 729 4050 tritissimi
760 3995 864 4065 poetae
887 3991 1017 4050 carmina
1040 3991 1071 4051 in
1092 3993 1236 4051 memoria

85 4088 177 4150 fuisse
200 4095 444 4150 consentaneum.

170 4192 213 4251 Ac
248 4191 284 4252 de
313 4190 401 4252 Plinii
428 4190 514 4253 libris
542 4194 757 4270 grammaticis,
792 4211 866 4274 quos
895 4193 986 4254 lulius
1008 4191 1159 4254 Romanus
1184 4211 1234 4253 ex·

87 4294 206 4371 cerpsit,
232 4301 261 4354 et
283 4293 320 4353 de
338 4291 428 4354 Probi
451 4295 672 4356 commentariis
694 4313 710 4355 a
733 4294 874 4356 Diomede
897 4293 1037 4356 adhibitis
1058 4313 1148 4374 supra
1171 4314 1234 4355 mo·

83 4395 188 4456 nitum.
