2956 4906
552 378 794 422 enoueoonsun.
1183 355 1243 422 173

98 545 248 625 graphicis
276 542 367 606 relius
394 562 470 624 quae
500 544 603 606 Scauri
632 547 791 608 auctoritas
818 547 921 616 luerit,
957 548 988 607 in
1015 547 1113 609 indico
1142 555 1244 609 nostro

98 647 262 727 apparebit.
349 719 350 722 q

621 868 644 949 g
669 866 718 930 12.

187 1057 327 1116 Caesellii
348 1062 446 1116 autem
476 1057 611 1117 Vindicis
633 1057 769 1133 quonium
793 1058 974 1118 mentionem
997 1058 1064 1126 leci,
1089 1077 1125 1119 ex
1147 1061 1248 1121 lectio-

99 1159 186 1220 nibus
209 1159 273 1217 eius
301 1159 433 1233 nnlipnr's
456 1155 582 1218 Gellium
612 1156 651 1217 lX
676 1154 795 1220 l4sua
824 1165 988 1220 mutuatum
1018 1178 1083 1220 esse
1112 1161 1136 1219 si
1165 1167 1245 1220 recte

100 1258 348 1320 llretzschmerus
371 1257 418 1337 (de
442 1257 527 1319 Gellii
550 1258 680 1320 lontibus
702 1278 731 1340 p.
756 1256 798 1321 95
820 1261 896 1340 sqq.)
920 1262 1061 1331 coniecit,
1090 1261 1139 1321 hic
1162 1265 1246 1322 lestis

100 1360 256 1422 habendus
280 1363 337 1422 erit
359 1362 564 1438 genetivorum
588 1363 666 1443 dies,
696 1380 772 1439 quae
802 1361 896 1422 lorma
919 1364 949 1423 in
976 1362 1151 1442 idiographo
1173 1363 1245 1425 Ver·

99 1462 161 1541 gilii
185 1482 230 1542 ge.
256 1459 350 1524 1208
378 1461 456 1523 libro
478 1464 598 1525 inventa
622 1464 714 1524 luisse
743 1470 897 1534 narratur,
928 1471 957 1524 et
978 1467 1050 1526 len.
1074 1461 1246 1527 1636dii.

100 1566 180 1626 luem
204 1565 283 1644 apud
299 1563 425 1627 Gellium
448 1562 530 1636 1116
553 1565 601 1625 ‘in
625 1567 839 1626 commentario
856 1565 1014 1627 lectionum
1039 1569 1245 1644 antiquarum’

100 1667 295 1746 explicavisse
318 1669 415 1727 lertur
437 1668 509 1727 len.
533 1665 570 1726 Vl
594 1664 663 1738 763,
689 1667 739 1729 ubi
763 1667 841 1745 quod
858 1667 965 1728 Silvius
985 1675 1124 1744 postumo
1147 1669 1247 1750 proles

100 1771 219 1830 Aeneae
242 1769 385 1846 longaevo
414 1769 575 1829 astinio
603 1768 745 1830 educatus
772 1770 863 1830 luisse
892 1777 1044 1838 narratur,
1075 1779 1247 1850 postumum

100 1891 160 1933 non
183 1873 233 1952 qui
255 1879 374 1933 mortuo
397 1878 496 1949 patre,
531 1869 583 1952 sed
613 1871 663 1949 qui
691 1877 844 1949 postremo
873 1869 939 1930 loco
968 1878 1055 1932 natus
1078 1873 1130 1941 sil,
1166 1880 1247 1933 recle

99 1973 282 2034 intellexisse
305 1972 429 2033 videtur.

123 2069 128 2078 '
185 2074 457 2155 Reprehendcronl
487 2092 604 2134 errores
633 2072 767 2135 Caesellii
790 2073 920 2134 Vindicis
954 2091 1028 2151 quos
1061 2093 1120 2134 uon
1154 2073 1246 2137 multo

101 2179 288 2238 recentiores
318 2184 411 2238 aelate
442 2177 534 2237 luisse
562 2183 643 2236 recte
666 2183 733 2255 post
755 2175 979 2256 Bernhardyum
1002 2175 1247 2237 Kretzsehmerns

100 2281 229 2340 coniecit
263 2278 423 2339 Terentius
457 2277 588 2338 Scaurus
627 2285 655 2337 et
688 2277 851 2355 Sulpicius
873 2280 1062 2355 Apollinaris
1096 2277 1246 2357 Carthagi·

87 2382 220 2449 niensis,
244 2397 332 2460 quem
356 2377 470 2439 Gellius
492 2378 666 2440 adolescens
688 2379 799 2441 Romae
822 2379 942 2440 audivit.
992 2379 1078 2441 Hunc
1101 2382 1246 2456 inquae—
1293 2381 1296 2394 '

98 2485 245 2550 stionibus
276 2483 441 2558 epistolicis
473 2482 614 2549 maxime,
649 2480 757 2560 quibus
780 2480 891 2542 Gellius
926 2500 997 2542 usus
1026 2488 1084 2551 est,
1119 2482 1247 2561 Vergilio

103 2601 224 2663 operam
249 2599 371 2644 narasse
394 2581 574 2643 llerclrlinus
597 2581 705 2643 annall.
730 2581 844 2664 philoll.
868 2581 965 2664 suppl.
990 2581 1027 2642 lll
1049 2602 1078 2663 p.
1102 2579 1166 2645 659
1188 2592 1246 2645 sla-

98 2687 170 2754 tuit;
196 2693 225 2745 el
246 2685 355 2745 mirum
378 2685 605 2763 ‘quaestiones’
629 2684 742 2762 aliquas
766 2683 810 2744 vel
833 2682 960 2776 ‘silvas'.
973 2684 1097 2765 Sulpicii
1119 2687 1245 2746 circum·

98 2789 273 2868 spicientem
297 2785 548 2847 Graelcnhanium
572 2788 602 2847 in
626 2786 740 2848 diurnis
762 2787 939 2863 antiquitati.
966 2782 1046 2847 1847
1070 2804 1100 2866 p.
1117 2783 1161 2847 20
1181 2785 1247 2848 illas

99 2907 227 2968 prorsus
249 2889 368 2966 fugisse.
415 2887 443 2947 ls
467 2895 565 2948 aulem
589 2886 725 2948 Caesellii
748 2888 784 2948 de
801 2895 941 2964 postumo
958 2891 1049 2964 prole
1070 2889 1247 2948 seutentiam

101 3009 192 3070 supra
217 2989 364 3050 laudatam
388 2991 521 3066 argutius
544 3006 632 3070 quam
655 2991 755 3050 verius
777 2991 928 3059 reiutavit,
960 2989 1013 3050 sod
1042 2997 1161 3068 accepta
1185 2992 1248 3050 eius

99 3093 192 3162 ratio,
228 3109 285 3170 qua
315 3095 481 3166 ionpneuns
508 3091 671 3171 explicatur
703 3091 898 3153 ‘immortalis
931 3093 1053 3160 lactus',
1087 3110 1102 3152 a
1132 3091 1244 3152 Servio.

105 3194 197 3255 Docta
229 3193 308 3253 idem
344 3191 568 3264 dissertatione,
604 3212 679 3272 quae
713 3193 790 3273 apud
819 3189 1074 3254 GelliumXV15
1102 3200 1131 3252 et
1158 3191 1247 3272 paulo

66 3343 67 3346 ,
99 3297 219 3357 mutatis
243 3293 343 3355 verbis
366 3314 381 3355 a
405 3295 509 3355 Servio
532 3297 608 3374 apud
625 3294 809 3356 Macrobium
833 3294 868 3355 Vl
884 3292 912 3364 8,
938 3292 978 3355 14
993 3312 1056 3374 sqq.
1081 3295 1244 3373 proierlur,

98 3399 238 3458 uestibuli
259 3399 331 3458 rien.
356 3395 392 3455 Vl
415 3393 477 3457 273
501 3398 653 3457 notionem
683 3396 851 3477 explicavit,
885 3397 1019 3458 refutans
1052 3397 1100 3456 hic
1129 3415 1251 3476 quoque

100 3497 187 3568 alios,
210 3501 289 3560 inter
311 3516 386 3577 quos
410 3499 498 3559 etiam
522 3497 683 3560 Caesellius
706 3500 796 3560 luisse
819 3506 928 3578 polest.
958 3497 1072 3559 Laudat
1094 3507 1246 3577 praeterea

99 3598 214 3660 Gellius
237 3599 285 3660 Vll
327 3599 382 3679 (Vl)
421 3595 451 3669 6,
484 3595 522 3660 12
566 3600 687 3681 Sulpicii
721 3600 757 3660 do
785 3611 965 3678 praepetum
997 3603 1093 3662 avium
1128 3603 1248 3662 notione

98 3704 286 3772 senteutiam,
310 3709 468 3782 postquam
491 3701 598 3781 Hygini
620 3721 742 3782 pravum
766 3702 802 3762 de
824 3706 896 3764 Aen.
920 3701 954 3762 Vl
980 3698 1019 3762 14
1039 3722 1082 3782 sq.
1107 3703 1247 3765 iudicium

98 3803 255 3873 refutavit,
289 3811 322 3864 ul
338 3802 430 3865 'illius
459 3822 494 3863 ex
518 3805 732 3865 commentario
760 3804 887 3883 quodam
916 3815 977 3865 sua¹
991 3803 1128 3866 hausisse
1150 3807 1278 3884 putari·

98 3907 202 3984 possit.

188 4006 332 4070 Convenit
355 4006 488 4087 Sulpicio
518 4025 585 4068 cum
609 4006 708 4068 Probo
736 4007 774 4067 (le
795 4009 867 4068 Aen.
893 4007 930 4068 ΙΧ
953 4003 1030 4078 369,
1060 4026 1147 4087 quom
1178 4027 1248 4068 eon·

98 4109 226 4168 lrarium
250 4107 292 4169 illi
308 4106 360 4169 Vll
375 4105 439 4170 600
462 4128 527 4170 esse
551 4109 743 4170 minoraverat
757 4110 904 4190 Berytius
949 4109 1035 4171 Hunc
1057 4117 1155 4172 autem
1179 4129 1247 4171 con·

98 4259 402 4270 -—-..-..--.,--..-.

97 4345 233 4412 producis
251 4347 400 4410 sententia,
420 4351 451 4396 ut
469 4350 512 4396 est
524 4345 591 4398 Aen.
605 4339 812 4410 xiima—115,
833 4363 893 4398 cum
913 4346 950 4397 sit
967 4346 1038 4399 satis
1051 4345 1167 4398 dixisse:
1187 4345 1245 4398 sole

96 4433 177 4485 orlo'.
215 4429 258 4485 Cf.
279 4430 392 4481 Servius
411 4431 447 4495 nri
467 4431 484 4481 l.
504 4430 522 4485 l.
543 4436 571 4480 el
590 4432 625 4481 etl
645 4432 712 4484 Aen.
733 4433 759 4483 ll
778 4433 828 4481 268
856 4431 991 4486 1111522.
