3038 4912
240 293 300 356 122
694 315 937 360 enonsooaruun.

233 482 331 546 'Maius
359 485 572 563 interpretatus
595 493 641 547 est
664 487 832 556 Metiscum,
857 487 942 548 cuius
965 484 1001 548 de
1023 487 1198 569 Agathyrsis
1221 489 1324 549 notitia
1348 489 1385 550 ad
1451 545 1454 552 .

237 587 308 646 Aen.
332 586 383 647 llll
409 583 469 649 146
492 587 581 650 etde
603 587 709 668 apibus
731 588 808 651 libro
832 588 868 650 ad
893 587 941 650 llll
963 586 1005 650 66
1029 608 1100 652 usus
1122 597 1168 652 est
1184 591 1316 652 Servius.
1350 591 1387 653 Et

236 689 333 767 potuit
354 707 425 749 sane
448 689 536 761 idem,
560 690 669 761 helius,
692 691 724 752 ni
747 689 848 762 iallor,
872 693 923 772 qui
946 690 1032 754 Gellii
1056 691 1209 772 (111116)
1240 695 1384 754 memoria

238 790 348 852 llornae
371 793 497 854 ‘summi
520 791 578 854 loci
598 796 678 876 inter
692 794 901 873 grammaticos
918 841 924 854 .
943 839 950 855 .
966 803 1086 874 praeter
1101 795 1157 856 alia
1173 812 1250 875 quae
1266 796 1386 874 scripsit

237 892 408 972 complura‘
432 894 468 955 de
490 893 630 976 loquendi
653 895 838 977 proprietate
860 895 970 958 librum
1000 899 1182 977 composuit,
1214 915 1273 958 uon
1297 898 1384 959 Caius

237 995 417 1059 Maecenatis
439 995 574 1069 libertus,
598 1001 777 1079 ineptiarum
802 1006 904 1060 auctor
919 999 965 1062 ct.
987 998 1072 1060 libris
1094 998 1295 1070 collectarum,
1319 1003 1384 1078 qui·

236 1097 293 1160 bus
323 1117 394 1160 sane
423 1103 470 1162 ‘et
498 1099 571 1162 alios
600 1101 840 1180 divorsi-operis
867 1108 971 1180 postea
1000 1099 1134 1162 addidit'
1164 1101 1256 1178 (Suet.
1281 1100 1318 1162 de
1339 1102 1380 1163 ill.

236 1219 280 1278 gr.
304 1198 367 1280 21),
393 1203 576 1283 nescioquo
599 1203 665 1265 loco
688 1203 834 1266 etiamad
857 1202 937 1264 illam
960 1202 1080 1281 Vergilii
1102 1203 1139 1265 de
1155 1203 1310 1265 Selinunte
1333 1223 1382 1266 vo-

178 1295 183 1308 '
239 1321 305 1366 cem
330 1305 590 1368 commentandum
611 1305 728 1368 adduci.

321 1407 424 1469 Restat
446 1407 624 1488 Philargyrii
653 1408 690 1470 de
718 1409 880 1472 coniurato
908 1409 988 1472 Istro
1015 1407 1051 1469 ad
1081 1425 1127 1487 ge.
1152 1405 1262 1471 11491
1290 1407 1383 1478 locus,

236 1510 288 1571 ubi
311 1512 336 1570 si
359 1513 498 1587 Aufidius
519 1513 675 1574 Modestus
697 1529 806 1572 nomen
829 1519 911 1574 recte
933 1509 1080 1589 legitur*)
1103 1529 1160 1572 nec
1181 1520 1231 1573 aut
1252 1513 1383 1591 interpo·
1510 1567 1511 1571 ,

237 1612 328 1673 latum
352 1621 402 1674 aut
423 1611 460 1674 ab
482 1615 548 1693 ipso
571 1612 727 1674 scholiasta
749 1612 833 1674 valde
854 1614 988 1674 incertae
1011 1614 1117 1674 aetatis
1146 1621 1260 1675 temere
1287 1619 1382 1674 muta·

236 1723 298 1776 turn
323 1723 383 1784 ost,
413 1714 462 1776 hic
490 1715 610 1793 quidem
639 1715 744 1796 procul
774 1734 790 1776 a
816 1723 917 1776 nostra
948 1713 1149 1796 disputatione
1177 1711 1332 1776 habendus
1355 1725 1385 1776 et

236 1817 425 1879 statuendum
449 1819 515 1888 erit,
539 1817 754 1898 Philargyrium
778 1835 905 1896 quoque,
930 1835 998 1878 cum
1021 1816 1103 1878 hunc
1125 1817 1287 1886 Auidium,
1311 1816 1384 1878 alte·

235 1939 302 1981 rum
325 1926 358 1980 ut
379 1919 561 1982 nobiliorem
589 1919 765 1999 simpliciter
787 1919 951 1982 Modestum
974 1918 1176 1999 appellaverit,
1205 1919 1319 1980 cavisse
1346 1937 1384 1980 ue

237 2021 495 2084 confunderentur
517 2030 662 2084 auctores.
693 2022 797 2100 Neque
820 2021 898 2083 enim
920 2029 1045 2102 propter
1067 2020 1146 2082 hune
1168 2021 1264 2082 solum
1286 2020 1385 2084 locum

236 2124 344 2187 lulium
374 2133 508 2186 nostrum
541 2143 557 2186 a
587 2123 816 2186 commentando
839 2122 968 2203 Vergilio
991 2142 1115 2204 prorsus
1139 2123 1268 2185 alienum
1292 2123 1385 2184 luisse

235 2227 436 2290 concesserim
461 2229 625 2306 Suring'aro
649 2227 717 2289 hist.
741 2229 807 2288 crit.
831 2225 923 2288 schol.
940 2225 1003 2288 lat.
1027 2223 1137 2288 11239
1160 2225 1312 2287 etBuntio
1336 2224 1384 2301 (de

235 2330 351 2409 Hygino
374 2349 402 2409 p.
429 2326 469 2391 14
491 2328 581 2408 adn).
638 2330 690 2391 Sin
713 2329 819 2390 ,11111111
848 2346 957 2389 nomeu
987 2338 1088 2389 careat
1116 2328 1188 2397 ilde,
1224 2336 1305 2388 certe
1332 2325 1382 2388 illa

234 2449 352 2512 quoque
375 2433 479 2494 notitia
502 2433 696 2511 grammatico
720 2439 822 2492 nostro
845 2429 1017 2508 dignissima
1032 2430 1078 2490 sit.
1116 2429 1188 2490 Mam
1214 2438 1245 2490 ut
1268 2429 1382 2508 dignio-

234 2553 299 2595 rem
324 2533 375 2594 illo
398 2533 531 2596 Modesto
554 2534 727 2603 habeamus,
751 2534 803 2611 qui
818 2532 862 2616 'de
877 2530 1028 2593 vocabulis
1050 2532 1094 2592 rei
1116 2530 1252 2594 militaris
1274 2531 1383 2594 librum

234 2635 271 2697 ad
299 2635 435 2698 Taciturn
469 2640 635 2715 Augustum
669 2635 845 2714 conscripsit
879 2633 926 2714 (cl.
950 2631 1186 2695 Graelenhanius
1219 2632 1272 2695 llll
1298 2629 1382 2714 426),

235 2757 323 2800 causa
350 2741 468 2817 gravior
491 2738 571 2801 nulla
595 2745 650 2800 est.

297 2893 300 2898 .
319 2839 459 2904 Ceterum
482 2844 513 2902 in
536 2839 767 2920 orthographica
789 2857 909 2919 quoque
931 2855 1042 2917 genere
1064 2837 1209 2918 quaedam
1231 2841 1384 2919 praecepit

235 2942 341 3015 lulius,
373 2961 450 3022 quae
472 2945 503 3004 in
525 2943 695 3022 Vergiliano
725 2947 807 3002 textu
836 2939 1034 3002 describendo
1062 2959 1121 3002 uon
1145 2939 1278 3019 neglecta
1302 2949 1380 3002 sunt.

237 3045 298 3108 Tus
321 3047 390 3124 quia
414 3035 687 3107 11111τοῦ66111
711 3052 838 3106 tractum
862 3049 957 3113 esset,
986 3061 1053 3104 eum
1082 3043 1261 3122 aspiratione
1290 3042 1382 3103 scribi

237 3146 331 3210 voluit
355 3149 516 3232 (Charisius
538 3167 567 3228 p.
590 3144 641 3226 58)
666 3155 696 3208 et
718 3148 879 3226 aspiratum
901 3145 1009 3223 legitur
1023 3145 1095 3206 11111.
1120 3143 1184 3206 Vlll
1209 3141 1269 3205 106
1292 3153 1321 3205 et
1342 3142 1381 3205 xl

237 3247 300 3311 481
325 3251 355 3311 in
379 3249 480 3311 codiee
495 3249 638 3318 Romano,
663 3247 714 3310 sed
739 3267 774 3310 eo
788 3237 872 3310 solo.
917 3247 1033 3309 Iucltoo
1055 3245 1213 3308 dicendum
1237 3244 1311 3308 ialso
1327 3265 1381 3327 pu·

239 3351 335 3421 tabat.
365 3354 433 3432 quia
457 3359 534 3414 esset
556 3351 772 3431 ‘compositum
795 3370 811 3410 a
835 3349 923 3418 chao,
953 3350 1039 3416 initio
1067 3353 1185 3410 rerum'
1216 3348 1383 3430 (Diomedes

234 3473 263 3534 p.
290 3450 354 3516 361
378 3454 433 3530 lt),
458 3473 513 3516 nec
535 3452 622 3516 aliter
644 3455 737 3515 sensit
749 3453 877 3513 Scaurus
899 3450 935 3512 de
959 3450 1091 3529 orthogr.
1116 3447 1197 3513 2251
1214 3451 1264 3512 P.:
1289 3458 1319 3512 et
1339 3451 1381 3516 le·

235 3557 316 3635 gitur
344 3557 466 3618 inchoat
492 3575 538 3635 ge.
563 3551 666 3617 11142
693 3557 725 3616 iu
748 3555 848 3634 Rybc,
878 3571 946 3616 curu
974 3554 1185 3633 aspirationem
1213 3562 1382 3634 postremae

235 3655 375 3739 syllabae,
404 3675 491 3736 quam
507 3659 628 3719 Verrius
643 3656 766 3719 Flaccus
789 3664 819 3717 et
832 3657 994 3717 Suetonius
1009 3654 1201 3735 Tranquillus
1224 3663 1252 3717 et
1267 3654 1382 3716 Probus
1497 3673 1499 3676 ·

237 3758 363 3838 (Cathol.
394 3779 424 3840 p.
447 3757 497 3830 38,
520 3757 562 3821 27
585 3760 631 3838 ll.)
660 3758 861 3840 probaverunt
888 3759 1022 3837 (icohum
1051 3759 1131 3820 euim
1159 3756 1238 3837 apud
1265 3765 1383 3818 veteres

237 3861 383 3923 mundum
406 3863 561 3941 significat,
584 3861 664 3923 unde
687 3861 872 3923 subtractum
895 3859 1063 3938 incohare'l
1087 3859 1238 3922 Mediceus
1254 3866 1284 3920 et
1297 3858 1381 3921 Pala·

236 3966 319 4026 tinus
341 3963 392 4024 illo
415 3963 533 4044 quidem
556 3963 622 4026 loco
645 3962 816 4045 prae-beant.
862 3963 1046 4043 Quamquam
1062 3963 1133 4024 hen.
1159 3957 1383 4024 v1252s01us

236 4064 387 4128 Palatinus
419 4066 476 4128 sihi
510 4073 641 4136 constat,
675 4065 726 4126 sed
755 4065 880 4128 Modesti
909 4067 1055 4128 rationem
1084 4071 1265 4144 acceperunt
1291 4065 1382 4142 FM'c,

303 4301 331 4370 *J
351 4304 443 4356 Testis
456 4304 536 4355 huius
548 4303 603 4355 loci
615 4303 691 4356 solus
704 4307 747 4355 est
758 4302 913 4357 Vaticanus
926 4305 1002 4369 3311,
1015 4303 1045 4354 in
1064 4296 1190 4369 quo'lcgi
1202 4317 1270 4354 sane
1284 4304 1382 4367 aufidus

237 4393 363 4443 modestus
376 4389 471 4440 docuit
482 4389 573 4443 Thilo.
