3038 4912
568 321 808 402 raonnoouuum
1198 337 1255 402 161

116 526 213 592 1327
237 528 372 608 adposita
405 535 458 598 est,
493 529 593 588 nescio
628 545 665 588 an
699 527 735 587 ad
764 526 989 588 antecedentem
1018 529 1116 606 potius
1138 547 1258 590 versum

116 638 240 712 spectet,
265 633 314 710 qui
337 632 453 711 primus
476 631 618 690 orationis
641 636 694 699 est,
718 647 775 709 qua
791 627 899 689 Veneri
920 629 1083 708 respondet
1093 628 1258 710 ‘aeneasrt

116 734 159 795 dd
181 735 273 814 ipsius
295 731 473 812 paragraphi
496 732 619 810 liguram
637 732 772 810 proxime
788 731 902 791 accedit
917 730 989 791 haec
1009 733 1053 807 τ,
1079 751 1134 812 qua
1151 740 1181 794 et
1196 735 1260 814 ipsa

117 837 260 897 orationis
282 835 399 894 initium
423 841 560 902 notatur,
590 832 626 894 ad
650 831 816 912 antigraphi
839 831 885 910 (Υ)
916 840 1029 903 antem,
1059 834 1154 915 qualis
1183 835 1259 915 apud

118 936 263 998 isidorum
288 943 376 1003 extat,
399 920 622 997 similitudinem
645 935 719 995 haec
738 915 781 1010 ᾗ
806 939 881 1014 qnae
904 953 970 995 cum
994 935 1030 994 ad
1053 938 1126 998 Aen.
1151 935 1174 994 V
1196 932 1260 998 489

104 1021 249 1119 'adposita
271 1039 318 1108 sit,
343 1038 468 1099 tortasse
491 1038 527 1097 ad
550 1057 576 1099 v.
597 1031 662 1098 485
683 1035 847 1098 revocanda
871 1037 937 1106 crit,
964 1035 1013 1097 ubi
1038 1055 1147 1098 novum
1170 1041 1258 1117 sagit·

120 1150 219 1202 tarum
243 1147 393 1202 certamen
416 1141 601 1219 proponitur.

184 1261 280 1337 ,Ergo
312 1267 357 1320 tut
387 1267 447 1319 tam
477 1257 721 1346 variaeiigurae
754 1259 785 1316 in
813 1256 948 1318 Mediceo
981 1258 1084 1318 codice
1119 1259 1262 1339 simplicis

118 1363 238 1430 ductus,
268 1378 356 1438 quem
380 1360 497 1422 Probus
520 1358 694 1427 adhibebat,
726 1360 788 1418 vice
810 1359 984 1438 iunguntur.
1036 1360 1094 1421 Sed
1124 1364 1262 1441 quoniam
1353 1429 1354 1432 ,

119 1462 212 1524 semei
245 1462 335 1523 huius
367 1461 436 1524 libri
469 1463 650 1523 mentionem
681 1462 754 1530 ieci,
788 1467 849 1522 tota
878 1461 915 1521 de
943 1460 1024 1522 notis
1052 1463 1082 1523 iu
1111 1482 1147 1523 ro
1170 1464 1263 1525 obviis

118 1567 253 1645 quaestio
275 1563 419 1625 hocloco
443 1564 558 1624 ridetur
580 1562 758 1625 absolvenda
781 1581 857 1625 esse.

206 1699 303 1761 Verbo
327 1700 446 1778 quidem
470 1683 743 1778 tangendae‘notae
760 1698 869 1777 quibus
885 1698 928 1759 rei
944 1700 1045 1760 omissi
1062 1700 1106 1760 vel
1121 1703 1264 1782 superflui

122 1801 167 1863 rel
196 1803 370 1882 transpositi
398 1819 502 1862 versus
530 1803 693 1880 signantur.
746 1801 895 1862 Omissum
923 1802 1000 1862 inter
1028 1819 1074 1882 gc.
1103 1801 1213 1865 11432
1236 1815 1265 1865 ct

118 1902 184 1967 434
207 1907 340 1985 spurium
363 1901 542 1964 versiculum
567 1902 643 1964 duae
666 1902 791 1963 lineolae
813 1901 922 1964 rubrae
943 1931 987 1957 =
1008 1905 1038 1963 iu
1062 1908 1195 1983 margine
1218 1909 1262 1968 iu·

120 2014 224 2076 nuunt,
248 2008 317 2066 item
341 2008 419 2065 inter
441 2023 488 2083 ge.
513 2005 525 2064 1
546 2001 610 2066 389
633 2012 662 2064 et
683 2001 747 2066 390
768 2005 865 2083 pictae
889 2003 993 2064 eodem
1018 2004 1117 2066 colore
1139 2005 1167 2086 ds
1188 2027 1264 2087 qnae

119 2108 265 2169 adimam
289 2109 427 2185 paginam
451 2113 600 2185 spectant,
631 2104 681 2166 nbi
710 2104 813 2166 eadem
842 2107 1011 2185 praeposita
1040 2116 1109 2168 nota
1131 2111 1262 2188 interpo-

120 2208 225 2270 tandus
247 2227 350 2269 versus
372 2210 519 2286 ascriptus
547 2195 695 2276 est3'sed
729 2205 834 2267 eodem
867 2207 955 2267 modo
983 2211 1131 2285 genuinus
1161 2229 1264 2272 versus
1359 2237 1362 2242 ·

119 2314 190 2372 den.
215 2307 325 2372 11418
348 2309 385 2370 ab
408 2311 467 2369 imo
490 2311 623 2388 margine
640 2307 675 2369 ad
692 2326 779 2368 suurn
795 2306 893 2368 ionum
910 2317 1074 2371 revocatur.
1107 2309 1263 2372 Praeterea

120 2416 198 2474 inter
220 2407 292 2473 deu.
316 2411 352 2472 Vl
374 2408 434 2472 241
459 2421 488 2472 ct
510 2407 572 2472 243
595 2411 686 2470 minio
716 2412 827 2489 pictum
856 2410 913 2471 hoc
936 2435 1012 2465 ——o
1035 2417 1172 2490 spectans
1194 2415 1263 2475 item

122 2515 158 2575 ad
182 2517 273 2575 imum
298 2515 478 2592 marginem,
508 2511 559 2573 nbi
586 2531 664 2572 nunc
694 2509 810 2572 lacerae
836 2511 1000 2573 litterarum
1029 2512 1171 2592 reliquiae
1194 2535 1264 2577 num

120 2615 329 2694 interpolatum
352 2611 415 2675 242
437 2613 630 2694 praebuerint
647 2614 709 2674 'iam
733 2621 815 2675 certo
837 2614 971 2692 dignosci
994 2616 1106 2693 nequit.

209 2752 268 2812 lam
293 2750 441 2830 superflua
465 2748 509 2809 rel
533 2752 655 2828 sigmate
680 2749 723 2828 (C)
748 2748 785 2811 ab
808 2749 914 2838 altera,
945 2753 1131 2830 antisigmate
1156 2753 1199 2832 (ο)
1228 2753 1265 2815 ab

120 2855 213 2916 altera
248 2871 352 2912 versus
385 2859 470 2930 parte
504 2851 672 2921 demuntur,
708 2859 740 2911 ut
772 2871 801 2931 p.
838 2849 901 2913 283
929 2855 1001 2914 den.
1026 2852 1075 2915 Vii
1097 2851 1267 2917 582-585

120 2964 259 3038 quattuor
282 2973 386 3015 versus
408 2955 458 3033 qni
481 2961 549 3013 ante
573 2971 597 3010 v.
622 2949 684 3013 616
706 2970 770 3031 sqq.
794 2971 908 3014 summa
931 2956 1037 3033 pagiua
1061 2958 1164 3034 scripti
1187 2965 1265 3040 surrt,

126 3067 205 3139 etp.
228 3053 293 3118 434
315 3064 376 3117 tres
397 3059 469 3117 Aen.
493 3054 545 3114 ΧΙΙ
567 3049 853 3119 ato-attacum
879 3057 1006 3134 repetiti,
1036 3056 1078 3115 vel
1102 3058 1182 3135 picto
1205 3061 1266 3118 sire

69 3151 78 3164 “
126 3162 275 3237 utrimque
298 3159 397 3218 sivea
426 3155 529 3216 dextra
559 3166 644 3235 parte
671 3156 752 3216 theta
777 3155 840 3238 (Θ),
871 3176 930 3237 quo
959 3175 1142 3234 supervacua
1170 3162 1266 3220 notari

121 3265 210 3324 ctiam
234 3262 264 3320 iu
288 3267 425 3321 notarum
449 3256 626 3336 simplicium
650 3257 787 3319 anecdoti
808 3258 934 3319 Parisiui
965 3257 1088 3318 elencho
1119 3261 1265 3330 feruntur,

120 3373 154 3425 ut
169 3384 197 3443 p.
213 3359 255 3423 60
277 3363 335 3422 ima
359 3366 555 3439 compunctus
578 3360 665 3419 etiam
690 3378 820 3438 superne
836 3377 881 3438 ge.
899 3356 1019 3428 111261,
1044 3362 1094 3438 qui
1109 3363 1139 3420 in
1151 3381 1266 3422 summa

122 3471 266 3544 sequente
289 3462 451 3542 repetitur,
481 3462 552 3521 item
582 3459 627 3521 bis
657 3463 785 3541 scriptus
806 3463 836 3520 iu
861 3468 943 3521 tcrtn
966 3479 1011 3539 ge.
1034 3457 1174 3531 111280,
1203 3465 1267 3523 sinc

124 3567 242 3646 punctis
265 3580 422 3643 perperam
446 3570 513 3642 post
535 3564 606 3623 deu.
631 3562 667 3623 lX
692 3559 754 3624 732
775 3563 878 3623 inserti
895 3561 957 3624 725
980 3580 1034 3640 sq,
1059 3566 1109 3643 qui
1132 3583 1186 3625 suo
1201 3564 1267 3626 loco

123 3671 152 3728 iu
178 3673 259 3727 textu
283 3665 385 3724 omissi
408 3664 467 3723 imo
484 3671 582 3724 tamen
598 3665 732 3741 margine
748 3665 868 3744 ascripti
890 3674 967 3734 suut,
991 3664 1120 3744 deniqne
1141 3667 1267 3746 simplici

128 3768 207 3830 theta
233 3765 389 3846 expeditur
411 3767 483 3825 tien.
508 3761 603 3826 1588
626 3765 725 3834 bisin
748 3773 830 3825 textu
854 3769 992 3846 scriptus

208 3885 286 3947 intra
311 3903 415 3945 versus
437 3886 509 3944 Aen.
533 3884 569 3944 lx
594 3881 657 3944 278
680 3891 709 3942 ct
730 3881 793 3944 279
816 3887 945 3964 positum
970 3885 997 3948 Θ
1026 3887 1096 3965 quid
1120 3885 1176 3946 sibi
1201 3886 1269 3946 velit

126 3991 241 4051 nescio:
268 3986 486 4048 adnotationem
511 3984 629 4064 quidem
645 3985 728 4048 ,infra
751 3988 923 4066 ascriptam,
953 4007 1011 4066 quo
1034 3996 1169 4068 spectare
1192 3988 1269 4048 banc

151 4161 224 4168 ....-,.

191 4255 216 4323 *)
235 4256 374 4309 Eodemne
392 4258 509 4308 consilio
529 4257 678 4316 clausulae,
692 4258 753 4310 scii.
777 4259 977 4325 significandae
997 4276 1084 4312 eausa
1104 4277 1139 4311 an
1157 4265 1269 4326 propter

124 4345 208 4396 alium
228 4343 364 4393 rationem
384 4341 431 4404 (cf.
451 4342 575 4406 Seruius)
599 4343 626 4392 in
646 4343 775 4393 Palatino
800 4344 834 4393 ad
853 4344 920 4393 Aen.
940 4345 963 4393 V
981 4347 1031 4395 sto
1055 4346 1209 4410 appositum
1234 4346 1271 4393 sit

166 4427 272 4480 dubito.
1238 4416 1243 4426 ’

174 4526 309 4572 arnancrr,
335 4525 493 4561 raormoou.
1027 4514 1062 4574 11
