2962 4904
245 323 290 387 40
694 347 936 392 anounoousrvn.

247 517 323 576 uatis
346 523 375 576 et
397 517 514 586 creatis,
539 524 572 578 ut
586 515 731 580 durarent
746 517 827 580 hune
841 520 918 579 vitae
934 515 1076 589 laborem,
1094 537 1171 599 opus
1185 521 1277 581 luerit
1292 527 1389 581 trans-

246 618 317 679 iisse
340 616 473 680 videatur
495 626 593 699 poeta.
640 619 724 692 Quae
747 627 792 682 est
814 619 908 681 Vossii
937 621 1156 700 interpretatio.
1207 621 1266 682 Sed
1290 621 1390 683 tamen

248 717 361 781 baesito
383 721 413 782 in
436 721 561 801 abrupta
590 721 716 800 quadam
744 720 997 803 breviloquentia,
1024 741 1084 803 qua
1113 741 1174 785 uon
1202 725 1273 786 satis
1300 723 1391 803 plene
1462 769 1465 779 .

247 823 326 884 liniri
348 819 447 884 locum
470 822 744 903 splendidissimum
767 827 873 895 sentio,
897 830 931 887 ut
952 823 1068 887 additos
1083 823 1138 887 bes
1153 843 1272 906 quoque
1288 844 1392 888 versus

248 920 418 986 343—345
440 926 521 987 curis
544 926 691 998 secundis,
715 925 789 987 alios
811 934 909 988 autem
932 927 1021 988 etiam
1043 927 1195 990 addendes
1218 936 1248 990 et
1262 929 1391 990 maxime

248 1025 483 1106 praemittendos
505 1028 600 1090 luisse
616 1030 642 1090 si
664 1029 731 1106 quis
753 1030 888 1100 coniciet,
911 1027 1003 1091 nolim
1021 1028 1158 1108 equidem
1175 1029 1389 1092 contradicere.

333 1128 509 1191 'ternarium
532 1149 623 1211 porro
645 1149 782 1193 versuum
805 1127 1029 1193 111120-122
1044 1150 1201 1194 numerum
1224 1139 1292 1214 post
1306 1151 1333 1194 v.
1351 1127 1392 1194 96

248 1228 439 1292 inserendum
463 1249 529 1294 esse
551 1235 701 1313 persuasit
724 1233 847 1295 etmihi
870 1241 899 1296 et
921 1233 1066 1297 Ladevico
1082 1227 1241 1305 'littlerus
1264 1253 1322 1296 nee
1346 1235 1391 1295 ui-

249 1333 307 1394 mis
334 1331 371 1394 ab
399 1335 465 1396 eius
494 1334 604 1397 iudicio
633 1333 782 1416 discrepat
808 1335 989 1399 Ferdiuandi
1011 1336 1108 1416 Hitzig
1136 1338 1166 1399 iu
1196 1355 1274 1399 mus.
1297 1336 1393 1398 libert.

250 1437 301 1499 XV
322 1433 385 1499 323
408 1455 452 1518 sq.
476 1438 588 1499 inserta
611 1436 649 1499 de
671 1437 777 1500 eodem
799 1437 865 1499 loeo
895 1438 1070 1519 disputatio,
1101 1456 1189 1517 quem
1217 1437 1267 1499 bic
1294 1440 1395 1501 miuus

251 1529 406 1602 commode
429 1557 496 1601 meo
518 1557 608 1600 sensu
630 1547 699 1602 ante
720 1560 747 1601 v.
764 1536 805 1603 95
819 1541 925 1620 'reponi
947 1539 1038 1601 iubet.
1069 1543 1164 1618 Atque
1187 1540 1311 1603 eandem
1327 1550 1396 1622 post

252 1661 277 1702 v.
300 1638 341 1704 96
365 1643 626 1720 transpositionem
649 1660 788 1704 versuum
807 1639 974 1703 120-122
989 1643 1187 1704 necessariam
1211 1661 1277 1704 esse
1292 1643 1394 1705 Peerl-

253 1743 377 1822 lampus
400 1760 517 1825 queque
539 1743 685 1805 intellexit
706 1762 735 1824 p.
758 1741 837 1807 236.
854 1738 932 1814 280,
962 1745 987 1806 si
1015 1743 1136 1822 quidem
1158 1746 1190 1806 in
1218 1746 1292 1806 ‘nee
1314 1747 1396 1825 turpi

252 1847 374 1924 ignosce
397 1848 553 1908 senectae'
577 1845 674 1908 uerbis
697 1847 798 1925 negari
812 1845 986 1924 ignoscendi
1002 1847 1166 1925 notionem,
1189 1865 1259 1918 non,
1284 1854 1318 1908 ut
1332 1849 1397 1927 ipse

253 1946 371 2018 nravult,
395 1946 609 2029 turpitudinem
633 1957 771 2010 senectae
793 1955 945 2010 statuatur.
997 1948 1082 2010 llunc
1110 1955 1208 2010 autern
1231 1951 1395 2011 sententia·

253 2070 320 2116 rum
343 2068 453 2114 nexum
477 2052 549 2112 satis
578 2049 744 2130 explanavit
765 2049 910 2112 Tittlerus
932 2068 960 2130 p.
985 2046 1015 2110 9.

338 2154 418 2217 ldem
442 2171 533 2235 porro
556 2171 600 2214 vv.
618 2149 784 2215 113-119
807 2160 874 2232 post
896 2171 922 2213 v.
947 2149 1008 2214 102
1030 2151 1170 2213 collocari
1191 2153 1293 2222 suasit,
1318 2151 1396 2215 baud

254 2257 346 2328 male,
370 2273 549 2335 quamquam
572 2253 770 2335 persuadendi
793 2255 1000 2316 necessitatem
1024 2252 1128 2316 adesse
1151 2273 1211 2315 non
1234 2254 1405 2316 contende-v

254 2362 320 2422 rim.
351 2357 410 2420 Sed
432 2357 556 2419 vividam
579 2357 755 2418 certantium
778 2375 921 2437 equorum
943 2357 1101 2435 imaginem
1130 2355 1222 2416 multo
1245 2358 1399 2418 venustius

254 2463 285 2523 in
312 2476 431 2522 versum
456 2455 516 2520 112
545 2459 641 2520 exire:
683 2461 801 2520 ‘tantus
829 2475 913 2519 amor
941 2455 1081 2527 laudum,
1116 2465 1243 2521 tantaest
1277 2459 1399 2520 victoria

255 2565 362 2624 curae'
386 2562 453 2639 quis
476 2577 536 2622 non
559 2560 684 2622 sentiati

339 2663 402 2726 Nec
423 2664 511 2742 primi
526 2660 594 2723 libri
611 2681 635 2721 v.
651 2657 822 2724 204—310
837 2662 920 2733 tales,
944 2661 1046 2740 quales
1062 2680 1142 2724 nuuc
1164 2664 1195 2724 iu
1217 2661 1303 2724 libris
1325 2661 1399 2742 legi·

257 2787 338 2839 mus,
368 2769 465 2848 ipsum
488 2763 650 2843 Vergilium
675 2763 803 2826 edidisse
825 2772 908 2846 puto.
957 2767 997 2826 Ac
1024 2765 1154 2844 primum
1176 2785 1202 2827 v.
1225 2760 1402 2827 252‘111110

257 2875 449 2950 tempestates
471 2865 563 2929 dubie
585 2865 775 2945 praediscere
803 2866 885 2927 caelo
907 2868 1083 2946 possumus’
1108 2884 1134 2928 e.
1158 2886 1186 2946 q.
1212 2885 1235 2928 s.
1264 2884 1325 2928 non
1347 2887 1401 2948 po·

259 2979 356 3034 terant
379 2989 415 3031 ex
437 2976 564 3031 tractatu
586 2966 625 3030 de
648 2969 779 3048 quinque
801 2969 884 3029 zonis
906 2967 1069 3047 penderes
1090 2967 1195 3030 ‘hinc’
1226 2971 1305 3030 euim
1327 2967 1403 3030 nibil

258 3081 309 3135 aut
329 3072 366 3134 de
389 3078 563 3152 tempestate
586 3077 636 3132 aut
659 3069 696 3131 de
718 3068 837 3131 serendi
858 3079 993 3149 tempore
1015 3068 1148 3130 discitur.
1195 3070 1323 3132 [ilscitur
1345 3070 1403 3132 tale

259 3175 329 3257 quid
352 3193 388 3238 ex
411 3174 564 3253 signorum
588 3171 670 3234 obitu
702 3181 732 3232 et
759 3179 826 3235 ertu
856 3181 885 3233 et
915 3191 950 3232 ex
979 3177 1120 3251 quattuor
1142 3172 1212 3234 auui
1234 3178 1402 3253 temporum

260 3277 445 3340 discrimine:
476 3293 547 3354 ergo
570 3282 638 3336 ante
660 3293 686 3334 v.
709 3270 773 3336 252
794 3276 881 3355 posui
904 3293 929 3333 v.
952 3270 1013 3335 257
1037 3290 1097 3350 sq,
1121 3274 1181 3353 qui,
1205 3291 1271 3335 cum
1294 3272 1404 3336 iudea

262 3401 287 3440 v.
303 3376 367 3442 259
389 3378 531 3440 doceatur
553 3374 683 3456 agricola
706 3395 766 3437 uon
790 3375 895 3455 quibus
918 3376 1010 3453 signis
1025 3375 1157 3437 luterum
1173 3374 1298 3437 imbrem
1314 3373 1403 3456 pr'ae·

261 3482 372 3551 videre,
396 3479 447 3542 sed
471 3496 546 3558 quae
574 3497 665 3560 opera
693 3496 747 3558 per
774 3477 903 3540 imbrem
930 3474 1084 3539 absolvere
1113 3477 1223 3558 possit,
1258 3496 1325 3538 curn
1359 3477 1406 3540 bis

261 3581 342 3647 nulla
369 3583 484 3645 ratione
507 3581 657 3642 coniuncti
680 3587 759 3642 suut.
809 3583 904 3659 Atque
933 3578 1006 3642 haec
1033 3579 1070 3644 de
1098 3577 1245 3658 agricolae
1272 3597 1328 3659 per
1350 3581 1404 3641 im·

261 3685 346 3747 brem
370 3681 512 3762 operibus
533 3681 576 3744 ibi
592 3681 713 3744 demum
728 3683 799 3744 satis
815 3691 883 3761 apte
897 3683 1080 3752 inseruntur,
1103 3680 1156 3743 ubi
1176 3688 1245 3762 post
1259 3689 1405 3743 nocturna

262 3786 383 3848 aestatis
405 3781 576 3846 287-290
598 3783 723 3846 hiberna
745 3785 863 3863 negotia
886 3800 954 3843 cum
976 3780 1093 3862 gaudiis
1115 3781 1250 3844 absoluta
1280 3790 1350 3844 sunt
1380 3803 1405 3844 v.

261 3885 334 3951 310.
365 3887 420 3948 llic
440 3887 560 3948 insertis
581 3887 751 3967 praeceptis
766 3885 803 3946 de
818 3884 1003 3964 singulorum
1019 3883 1144 3954 dierum,
1169 3883 1307 3963 ‘frigidus
1329 3885 1406 3964 agri·

263 3988 359 4052 colam
382 3989 405 4049 si
431 3989 554 4066 petendo
583 3989 714 4049 eontinet
740 3987 866 4058 imber',
896 3987 1037 4068 operibus
1059 3994 1127 4067 apte
1150 3984 1185 4046 ad
1215 3993 1407 4066 tempestates

265 4109 427 4173 mentuque
450 4092 534 4169 sigua
557 4091 697 4151 transitus
717 4087 815 4152 tiebat.
852 4088 923 4151 inde
944 4097 1043 4151 autem
1066 4089 1208 4168 sequitur.
1233 4105 1271 4148 ue
1293 4089 1407 4149 rectius

264 4195 388 4276 quidem
408 4193 560 4256 ordinatos
582 4209 685 4254 versus
706 4186 767 4253 257
784 4211 828 4272 sq.
851 4186 1021 4254 252-256
1037 4207 1090 4250 suo
1112 4188 1178 4250 leco
1194 4195 1282 4250 stare.
1313 4189 1408 4269 Atque

266 4307 299 4358 ut
331 4295 503 4357 observaret
536 4292 634 4355 sidera
666 4294 725 4355 iam
759 4311 785 4352 v.
807 4288 976 4354 tet-207
1009 4293 1140 4353 merritus
1172 4298 1237 4352 erat
1268 4288 1407 4370 agricola.

264 4405 325 4477 Age
348 4413 554 4476 comparemus
576 4403 736 4473 utrumque
758 4401 965 4474 praeceptum:
