3038 4912
594 374 837 417 rsonnoousus.
857 381 858 384 ¹
1226 341 1287 420 155

141 545 302 606 asteriscus
325 541 433 623 adponi
456 541 582 602 traditur
605 542 654 602 ‘iu
676 540 737 618 bis,
767 561 844 622 quae
867 545 974 605 omissa
998 553 1083 615 sunt,
1114 554 1146 606 ut
1166 544 1288 608 inlucis-

142 653 209 708 cant
231 663 286 726 per
309 663 373 705 eam
397 651 497 705 notam
520 663 595 725 quae
618 643 724 705 deesse
748 645 927 706 videantur’.
959 649 1046 726 Atqui
1062 648 1166 710 deesse
1188 656 1290 710 monet

141 749 310 811 Priscianus
332 764 378 821 es,
410 745 500 824 irlque
530 749 627 826 ipsum
655 746 803 824 glossator
829 756 931 809 noster
960 757 990 810 et
1011 751 1155 812 asterisco
1183 769 1237 813 suo
1261 759 1290 811 et

142 854 203 930 ipsa
227 852 354 912 sortasse
376 867 407 910 es
430 848 533 930 vocula
556 850 769 930 suprascripta,
792 849 872 910 unde
895 870 975 912 nunc
997 871 1012 914 s
1033 852 1189 923 relicuum,
1213 853 1289 915 indi-

142 956 227 1014 carit.
273 953 337 1014 Nisi
359 951 515 1012 torte-hac
536 953 599 1029 ipsa
622 971 637 1012 s
660 951 757 1012 littora
781 953 948 1031 significare
971 952 1070 1024 voluit,
1094 955 1289 1036 separandam

146 1057 375 1136 cssescriptura
398 1073 413 1114 a
436 1052 568 1134 reliquis,
592 1060 624 1114 ut
640 1051 807 1130 pollicitu's
818 1054 898 1135 quod
911 1055 987 1117 edidi
1002 1057 1149 1119 evaderet.
1174 1057 1292 1136 virgula
1360 1037 1362 1054 ¹

143 1141 240 1220 aulem
264 1157 412 1237 adpuncta
434 1157 559 1222 tortasse
582 1154 768 1233 glossematis
794 1157 887 1234 magis
915 1159 1122 1237 compendium
1140 1169 1184 1221 est
1201 1179 1290 1240 quam

146 1269 214 1321 nota
232 1260 345 1320 critica.
384 1259 577 1320 Notissimum
601 1259 690 1328 enim,
714 1266 757 1319 est
779 1256 913 1319 voculam
935 1261 966 1320 in
982 1258 1067 1322 libris
1081 1263 1291 1340 manuscriptis

144 1363 317 1442 saepissime
340 1362 398 1424 hoc
420 1360 496 1439 siglo
519 1381 561 1404 —·—
582 1360 725 1421 indicari:
750 1360 819 1440 quid
844 1362 934 1438 igitur
957 1363 983 1423 si
1006 1361 1063 1424 hoc
1083 1383 1126 1421 ÷
1147 1381 1179 1425 es
1201 1364 1291 1443 signi·

143 1466 232 1526 licere
254 1461 348 1525 voluit
368 1462 532 1543 glossatori
586 1451 589 1458 “

228 1567 324 1628 Etiam
349 1569 452 1644 depleri
475 1569 671 1644 aperiaticton
695 1563 788 1626 semel
811 1565 842 1626 in
866 1563 985 1628 schedis
1006 1567 1155 1630 Vaticanis
1183 1569 1291 1637 inveni,

143 1670 194 1732 sed
218 1688 255 1732 ne
279 1687 344 1730 eam
367 1668 488 1747 quidem
511 1666 568 1729 alio
591 1666 715 1729 consilio
737 1668 882 1746 positam,
913 1671 969 1730 nisi
991 1677 1024 1730 ut
1046 1669 1083 1731 ab
1105 1672 1163 1731 ima
1185 1672 1293 1750 pagina

145 1771 309 1834 versiculus
332 1770 367 1832 ad
391 1787 458 1831 eum
480 1769 596 1839 locum,
619 1768 672 1830 uhi
694 1772 937 1849 praetermiserat
958 1770 1112 1843 librarius,
1136 1791 1291 1834 revocare·

143 1881 201 1944 tur,
225 1875 298 1935 lien.
322 1873 375 1934 llll
397 1868 470 1934 245.
515 1871 573 1932 Sed
602 1873 730 1950 primum
754 1872 907 1951 Leagoran
931 1874 1147 1955 Syracusanum
1177 1882 1294 1936 constat

142 1974 244 2057 diplen
266 1975 434 2036 Homericis
456 1973 592 2036 versibus
615 1971 785 2035 adhibuisse
815 1974 869 2035 ‘ad
893 1978 1113 2055 separationem
1136 1975 1253 2057 Olympi
1276 1997 1293 2038 a

143 2077 252 2147 caclo’,
277 2076 334 2138 hoc
357 2083 402 2137 est
425 2075 564 2138 omnihus
586 2075 670 2151 locis,
693 2074 744 2136 ubi
766 2075 812 2137 vel
836 2095 922 2138 mons
945 2076 1089 2159 Olympus
1111 2077 1156 2138 vel
1179 2078 1292 2140 caelum

144 2180 374 2259 significaretur:
400 2177 508 2238 deinde
530 2176 722 2239 Aristarchus
745 2196 777 2238 ea
802 2197 874 2240 usus
897 2197 963 2240 esse
986 2181 1081 2241 iertur
1109 2182 1157 2241 ‘in
1181 2180 1291 2250 multis,

143 2301 223 2344 nunc
259 2301 292 2342 ea
324 2299 401 2359 quae
434 2287 557 2360 praeter
589 2279 835 2342 consuetudinem
869 2288 927 2341 tarn
956 2283 1032 2343 ritae
1062 2289 1182 2344 nostrae
1205 2303 1292 2364 quam

143 2386 238 2465 ipsius
260 2386 385 2464 puetae'
409 2382 488 2462 apud
510 2381 672 2443 Homerum
697 2383 921 2444 ‘invenirentur
943 2383 1098 2456 adnotans,
1122 2403 1202 2447 nunc
1223 2403 1292 2465 pro-

143 2489 223 2567 prias
244 2487 341 2565 ipsius
363 2485 489 2563 figuras,
519 2484 669 2546 interdum
698 2485 784 2544 eain
807 2484 916 2564 quihus
939 2489 1078 2566 copiosus
1101 2495 1162 2557 cst,
1191 2506 1293 2548 rursus

143 2607 218 2668 quae
241 2586 334 2648 semel
356 2586 434 2666 apud
459 2593 525 2648 eum
548 2594 744 2667 ponerentur.
775 2585 911 2648 similiter
933 2589 963 2649 in
986 2591 1096 2650 nostris
1121 2590 1293 2651 auctoribus

143 2688 284 2750 l‘robus'.
314 2687 458 2767 (Sueton.)
494 2689 573 2767 Ergo
597 2689 698 2749 nescio
721 2707 758 2749 au
781 2686 829 2750 hic
851 2707 970 2770 quoque
994 2689 1084 2760 locos,
1108 2691 1160 2752 uhi
1176 2692 1293 2772 Olympi

144 2793 255 2852 mentio
278 2793 324 2861 iit,
353 2793 490 2872 inprimis
512 2794 584 2854 lien.
606 2790 643 2851 Vl
666 2786 729 2851 782
757 2789 837 2870 diple
860 2793 1015 2853 notaverit.
1067 2793 1206 2855 Ceterum
1228 2796 1293 2857 hri-

142 2894 254 2955 starchi
277 2913 364 2956 usum
388 2896 480 2955 certis
502 2893 611 2955 linibus
634 2892 838 2954 circumscribi
863 2901 892 2954 et
914 2893 1031 2955 duobus
1053 2897 1180 2956 maxime
1203 2913 1293 2974 gene·
1316 2943 1321 2956 .

143 2994 225 3057 ribus
247 2995 364 3057 deliniri
386 2995 480 3056 voluit
502 2993 694 3073 Sengebusch
718 2995 806 3055 Hom.
830 2993 900 3055 diss.
925 2995 937 3054 l
958 3014 988 3074 p.
1012 2993 1054 3058 25
1077 3014 1138 3075 sq„
1164 3017 1292 3076 quorum

143 3117 236 3159 unum
260 3098 295 3158 ad
320 3117 371 3159 eos
393 3097 476 3158 locos
499 3095 621 3174 ‘quihus
642 3098 673 3156 in
689 3095 814 3157 aliorum
838 3095 972 3157 locorum
996 3097 1104 3175 κρίσει
1128 3101 1292 3172 ususluit',

143 3199 269 3261 alterum
292 3197 330 3260 ad
359 3217 411 3288 eos
439 3198 712 3277 ‘quthnsaliunue
741 3197 838 3258 lucem
862 3197 977 3258 attulit'
1005 3202 1180 3277 pertineret.
1230 3201 1293 3273 Qua

143 3303 173 3362 iu
208 3319 241 3361 re
276 3306 421 3386 quatenus
455 3320 523 3363 eum
557 3307 679 3362 secutus
707 3300 746 3360 sit
772 3298 888 3360 Probus
916 3319 983 3361 cum
1011 3299 1093 3362 nullo
1123 3304 1293 3365 testimonio
1407 3307 1413 3315 “

143 3404 319 3477 doceamur,
350 3405 531 3465 tutissimum
561 3404 618 3464 erit
646 3404 723 3463 inha
751 3403 815 3482 ipsa
837 3402 962 3462 Parisini
989 3405 1175 3482 grammatici
1203 3405 1292 3469 verba

143 3508 347 3568 coniecturam
370 3505 526 3566 cohibere:
551 3506 605 3566 nisi
621 3505 700 3566 torte
715 3502 816 3564 licebit
837 3502 989 3566 ariolando
1013 3523 1078 3565 eam
1093 3505 1198 3568 saltem
1214 3509 1293 3569 inter

142 3627 248 3689 puram
272 3617 302 3668 et
323 3614 493 3687 punctatam
517 3606 615 3688 diplen
639 3607 836 3668 differentiam
854 3615 994 3678 statuere,
1019 3616 1050 3669 ut
1074 3608 1176 3670 eadem
1193 3617 1293 3670 mente

142 3709 192 3770 illa
216 3710 251 3771 ad
275 3710 538 3791 interpretationes
560 3729 617 3790 qua
639 3708 713 3772 haec
736 3707 773 3770 ad
795 3709 886 3770 crisin
910 3707 1116 3771 adhiberetur:
1152 3712 1293 3772 nimirum

142 3811 323 3890 ubicumque
346 3811 391 3873 vel
416 3810 540 3873 aliorum
565 3811 793 3892 explicationem
808 3809 955 3873 refutabat
977 3811 1023 3872 rel
1044 3813 1112 3873 novi
1136 3812 1206 3892 quid
1228 3815 1292 3892 ipse

143 3912 299 3975 adferebat
321 3920 353 3973 ut
375 3933 479 3994 puram
504 3913 603 3994 diplen
627 3913 799 3994 adponeret.
877 3913 879 3922 '

226 4015 378 4096 Exemplis
401 4023 434 4077 ut
456 4017 559 4096 paucis
582 4015 735 4094 defungar,
760 4014 838 4096 diple
861 4022 929 4094 apta
951 4015 1067 4076 ridetur
1081 4016 1172 4077 luisse
1188 4015 1224 4077 ad
1240 4036 1292 4078 eos

141 4116 242 4186 locos,
267 4116 317 4178 ubi
341 4118 465 4180 Cornuti
487 4119 710 4179 criminationes
733 4117 872 4177 refutavit
900 4116 965 4196 (ecl.
990 4118 1027 4178 Vl
1050 4114 1090 4179 76
1114 4125 1143 4178 ει
1165 4119 1291 4180 tortasse

141 4236 187 4297 go.
212 4219 250 4280 lll
272 4216 294 4281 5
316 4227 346 4281 ει
360 4222 432 4281 hen.
456 4219 482 4280 Χ
504 4216 588 4296 314),
612 4238 704 4300 porro
727 4216 778 4279 uhi
799 4221 943 4280 sublustri
962 4221 1073 4280 rectius
1096 4237 1183 4299 quam
1198 4224 1291 4300 Asper

142 4321 298 4402 explicarit
320 4320 356 4382 ad
371 4326 444 4382 hen.
465 4321 505 4382 lx
525 4318 603 4390 373,
627 4321 663 4382 ad
686 4320 846 4383 notandam
866 4340 953 4401 quam
969 4322 1041 4383 deu.
1058 4321 1097 4382 Xl
1112 4318 1175 4383 830
1197 4325 1291 4384 anim·
