2962 4904
549 345 795 390 enonsconnus.
1201 328 1242 392 37

88 519 163 580 hoc:
188 515 220 598 2)
243 517 325 579 ‘bina
348 521 454 580 messis
476 526 611 594 tempora
628 511 833 596 (231-235p
856 534 894 578 ac
909 533 948 576 ne
963 535 980 576 a
995 533 1093 577 messe
1108 517 1242 578 iacienda

90 639 127 682 eo
152 619 346 689 deterrentis.
377 619 455 700 quod
478 618 590 680 irritari
611 635 683 696 apes
706 616 924 678 animadvertis.
963 636 1066 679 verum
1089 627 1135 680 est
1156 619 1242 680 vehe-

89 731 209 783 menter
232 740 282 782 cas
303 723 392 782 irasci
415 716 619 798 (236-238),
649 721 704 780 sed
730 737 788 799 quo
816 719 911 798 magis
938 717 1101 782 exhaustae
1132 721 1243 781 suerint

89 845 117 885 e.
132 845 162 904 q.
176 842 202 885 s.
220 819 420 904 (248-250).
444 821 532 883 modo
555 826 588 880 nt
610 827 694 880 caute
718 819 827 882 relinas
849 819 936 882 mella
964 817 1186 900 (228-230)’;
1202 855 1243 866 -

91 925 137 986 rel
154 925 229 986 lnce:
252 921 283 1002 3)
300 923 458 1004 ‘siquando
480 914 712 992 mella'rclines,
736 922 834 984 lumos
856 921 1019 1001 praetende
1042 918 1241 1002 (uta-230).

90 1035 165 1089 snut
188 1025 303 1090 scilicet
325 1024 394 1090 bina
416 1027 522 1088 messis
537 1033 672 1104 tempora
688 1019 888 1102 (231-235),
912 1043 991 1100 pnuc
1013 1027 1064 1086 uhi
1084 1033 1240 1100 uerenini,

88 1128 150 1190 illis
174 1127 301 1208 (apibus)
322 1129 368 1189 ira
390 1146 481 1208 supra
504 1125 625 1188 modum
648 1132 694 1186 est
716 1121 917 1205 (236-238).
941 1126 992 1187 sed
1010 1125 1082 1189 haec
1098 1145 1156 1188 non
1179 1145 1242 1187 me·

89 1229 212 1300 tuenda,
236 1247 304 1291 nam
329 1246 388 1308 qno
409 1230 514 1308 magis’
537 1245 563 1288 e.
588 1247 616 1308 q.
641 1245 664 1286 s.
689 1221 894 1307 (248-250);
910 1261 951 1272 —
967 1228 1012 1290 vel
1035 1227 1163 1306 denique
1185 1226 1242 1288 hoc

89 1350 182 1411 quem
191 1333 223 1392 in
236 1337 318 1393 textu
331 1331 478 1410 expressi:
501 1327 533 1405 4)
545 1327 706 1409 ‘siquando
723 1326 811 1388 mella
828 1327 947 1400 reliaco,
964 1330 1063 1392 lumos
1077 1328 1240 1410 praetende
1288 1311 1289 1316 ἵ

90 1429 293 1514 (nee-230),
316 1450 385 1494 nam
408 1430 548 1493 mordent
568 1431 701 1492 inritatae
723 1447 795 1510 apes
819 1427 1018 1512 (nee-238).
1050 1440 1238 1493 sumentem

90 1533 162 1596 bina
178 1535 287 1595 messis
303 1540 437 1612 tempore
456 1527 656 1613 (231-235),
680 1529 789 1610 quibus
810 1531 921 1593 lunaris
942 1539 1076 1612 oportet:
1100 1551 1240 1612 itemquo

91 1636 204 1714 magis'
229 1654 254 1694 c.
279 1652 307 1712 q.
332 1654 356 1696 s.
380 1629 621 1713 (248--25014
635 1633 737 1713 utique
753 1632 834 1694 vides
849 1632 973 1696 vinculis
996 1635 1172 1696 necessariis
1195 1637 1239 1695 ni·

90 1739 148 1799 mis
171 1754 275 1797 carere
291 1737 465 1798 orationem.
489 1735 616 1797 Leniore
630 1734 729 1795 omnia
746 1741 775 1794 et
790 1734 948 1796 iucundius
963 1737 1121 1798 coniuncta
1137 1753 1239 1813 quam·

91 1857 181 1920 quam
203 1839 303 1898 minue
325 1835 413 1916 plena
436 1837 605 1898 eliciuntur
627 1836 744 1896 omissis
772 1833 819 1896 bis
841 1838 935 1898 ternis
958 1836 1112 1898 versiculis
1133 1835 1240 1898 236-

88 1934 408 2004 238e1248—250.
459 1939 521 2000 llos
549 1937 639 2015 igitur
666 1934 808 1998 secundis
829 1939 911 1999 curis
939 1937 1054 2000 additos
1084 1956 1141 1999 nec
1169 1940 1240 2000 satis

90 2043 238 2104 concinne
260 2058 328 2102 cnm
351 2041 459 2102 ceteris
481 2041 652 2104 conciliatos
676 2058 743 2102 esse
766 2045 873 2101 statuo.
923 2039 961 2101 Et
982 2038 1077 2101 laetor
1098 2038 1179 2101 idem
1202 2039 1239 2100 de

91 2149 155 2205 toto
177 2141 245 2203 loco
267 2137 438 2204 228-250
452 2143 616 2204 coniecisse
627 2140 785 2205 Titderum
808 2157 838 2218 p.
856 2138 905 2210 ll,
929 2141 977 2202 cui
998 2143 1169 2220 nuperrime
1184 2141 1239 2204 La-

89 2245 211 2306 doricus
239 2261 357 2324 quoque
384 2242 580 2324 adstipulatus
609 2250 664 2305 est.
720 2240 934 2321 Peerlkampus
967 2258 1086 2323 quoque
1113 2263 1144 2322 p.
1175 2239 1239 2306 286

90 2365 194 2410 uersus
215 2342 279 2407 248
307 2353 337 2407 et
357 2341 422 2408 250
450 2352 518 2406 ante
545 2341 609 2407 239
638 2343 808 2407 codocavit:
839 2343 918 2405 idem
948 2352 1046 2406 nmen
1074 2345 1154 2424 quod
1175 2341 1239 2408 249

89 2450 226 2529 spurium
248 2455 359 2516 censet,
383 2463 444 2506 non
466 2446 627 2516 adsentior,
651 2465 708 2510 neo
729 2447 800 2508 satis
815 2443 956 2525 intellego
972 2446 1044 2526 quid
1066 2446 1184 2507 ridiculi
1207 2448 1238 2508 in

90 2549 189 2612 verbis
213 2550 351 2629 ‘generis
373 2548 446 2628 lapsi
468 2549 581 2610 sarcire
603 2550 721 2611 raines’
743 2546 936 2626 indagaverit.
988 2548 1019 2610 Si
1042 2550 1122 2610 enim
1145 2567 1235 2628 gene·

89 2661 174 2716 retur
197 2650 257 2712 mel
279 2645 416 2729 (audet
440 2651 564 2712 exemtis
586 2669 621 2712 ac
643 2650 748 2713 recisis
770 2651 843 2710 laris
864 2667 960 2729 genus
982 2651 1120 2713 imminui
1149 2651 1237 2712 etad

90 2755 209 2816 ruinam
230 2750 327 2831 redigi
348 2749 451 2830 liquet,
475 2761 509 2813 ut
530 2750 683 2831 replendis
704 2768 872 2829 rursusque
894 2752 1045 2814 struendis
1068 2752 1151 2816 cellis
1173 2772 1235 2816 sar·

90 2858 144 2918 ciri
165 2855 254 2917 ruina
276 2860 359 2917 recte
381 2853 440 2915 dici
463 2853 605 2916 videatur.
648 2852 735 2934 Apud
757 2853 894 2916 Servium
916 2853 996 2930 quod
1020 2873 1159 2917 versuum
1173 2851 1237 2916 248

88 2953 202 3021 -250
221 2957 334 3018 mentio
349 2953 431 3017 nulla
446 2957 486 3027 lit,
511 2973 567 3016 nec
581 2954 800 3036 neglegendum
823 2963 869 3017 est
883 2972 940 3016 nec
954 2955 1043 3016 nimis
1058 2957 1236 3036 urgendum.

173 3059 286 3121 Contra
307 3055 396 3136 longe
418 3057 569 3119 reicienda
590 3058 716 3120 Hanovii
744 3057 845 3136 opinio
875 3064 933 3128 est,
970 3059 1023 3137 qui
1052 3059 1091 3137 (p.
1117 3057 1156 3120 13
1179 3059 1235 3137 sq.)

89 3161 179 3224 huius
200 3159 271 3222 libri
293 3178 337 3220 vu.
362 3156 528 3222 184-187
552 3179 627 3240 quos
648 3161 713 3239 ipse
734 3159 962 3220 venustissimos
983 3159 1149 3238 praedicat,
1183 3159 1236 3220 eli·

89 3261 248 3326 minandos
270 3279 336 3323 csse
359 3260 443 3323 duxit
465 3262 550 3340 quasi
572 3260 712 3323 secundis
735 3261 814 3322 curis
837 3269 956 3340 aposta
973 3278 1008 3321 eo
1024 3259 1148 3321 consilio
1164 3279 1235 3322 con·

88 3367 193 3434 lectos,
217 3372 250 3426 ut
271 3371 374 3443 postea
396 3363 518 3424 mutatis
541 3361 607 3424 aliis
629 3371 680 3424 aut
700 3363 825 3425 resectis
839 3364 871 3424 in
887 3370 1001 3424 textum
1016 3364 1234 3441 reciperentur.

89 3468 167 3532 Duas
190 3464 306 3528 scilicet
327 3463 561 3545 ‘descriptiones
581 3465 617 3526 ad
633 3464 758 3527 eandem
772 3482 841 3527 rem
856 3466 1041 3544 pertinentes
1057 3465 1236 3530 conduxisse

88 3578 117 3631 ct
138 3567 358 3647 conglutinatae
386 3583 452 3628 esse
480 3566 571 3629 altera
599 3569 630 3630 in
658 3565 782 3630 alteram
803 3567 909 3628 inseite
930 3568 1072 3628 inserte.'
1116 3570 1154 3628 dt
1175 3585 1235 3628 non

89 3681 186 3751 poeta,
211 3670 265 3731 sed
280 3667 430 3729 Honorius
451 3668 516 3747 ipse
539 3669 725 3732 conlusionis
746 3675 850 3731 auctor
874 3677 928 3732 est.
958 3668 1033 3730 Nam
1055 3669 1184 3747 primum
1209 3688 1234 3730 v.

91 3770 151 3836 183
175 3774 311 3834 ‘oannes’
334 3770 510 3851 intellegere
533 3789 637 3832 omnes
657 3773 807 3842 iuniores,
837 3772 888 3848 qui
915 3771 1011 3832 ‘rictu
1032 3769 1185 3849 invigdant
1207 3781 1237 3832 et

87 3875 211 3937 loedere
231 3883 321 3954 pacto
345 3880 525 3935 exercentur
547 3874 659 3952 agris’,
683 3872 816 3954 prudens
837 3873 973 3952 proxime
996 3872 1236 3935 antecedentium

88 3994 228 4039 versuum
260 3971 427 4037 180-183
460 3973 571 4046 lector,
605 3975 655 4053 qui
682 3975 779 4036 Latini
811 3976 958 4052 sermonis
986 3974 1235 4038 consuetudinem

87 4078 237 4147 didicerit,
267 4077 365 4138 nudus
380 4075 538 4138 dubitabit.
567 4074 691 4156 Reliqua
707 4084 806 4138 antem
830 4078 976 4139 sententia
998 4076 1107 4139 additis
1128 4095 1236 4156 prosae

86 4179 232 4242 orationis
255 4177 379 4240 vinculis
402 4165 496 4242 haece
514 4178 560 4240 his
582 4177 721 4240 omnibus
743 4185 775 4240 ut
797 4177 881 4240 labor
903 4197 981 4240 nnus
1003 4178 1171 4258 colligendi,
1195 4180 1235 4240 ita

87 4284 173 4363 quies
201 4299 328 4361 operum
351 4299 426 4355 una;
461 4280 548 4344 simul
578 4283 657 4342 enim
686 4299 790 4344 omncs
820 4300 907 4344 mane
936 4289 1112 4361 evagantur,
1146 4280 1236 4342 sirnnl

86 4391 251 4465 pascuntur
279 4384 310 4443 in
339 4384 433 4461 agris,
466 4382 554 4446 sinui
583 4385 751 4464 vespertino
773 4391 909 4464 tempore
931 4402 1058 4465 corpora
1086 4391 1234 4454 canantes,
