2956 4906
552 371 794 413 rnouuoouuun.
1184 353 1245 415 181

100 541 197 617 quarti
220 537 330 600 saeculi
355 539 497 599 terminos
519 540 559 598 ita
582 535 705 598 inclusit
727 537 945 600 Wernsdorilus
968 541 1058 617 poelt
1076 539 1149 600 Latt.
1175 543 1245 600 min.

103 640 125 698 V
146 637 167 700 2
189 658 218 719 p.
242 636 314 709 640,
339 647 372 700 ut
393 659 408 700 a
432 639 635 700 Valentiniano
658 655 752 715 usque
775 637 810 699 ad
834 638 938 700 iuliani
961 642 1151 720 imperatoris
1172 649 1246 702 tem·

104 760 177 822 pora
201 740 383 802 extenderet.
434 741 489 802 llic
511 743 601 819 igitur
628 740 706 821 quod
729 749 850 819 praeter
872 741 947 802 Livii
974 741 1114 803 historias
1141 742 1247 803 iambis

101 845 256 923 scripsisse
284 842 380 902 lertur
403 840 524 921 Vergilii
552 839 666 903 tabulas
688 838 819 929 (Servius
840 844 913 904 Aen.
937 839 1057 904 11272.
1080 839 1163 923 388),
1187 863 1247 906 non

102 953 162 1006 tam
185 951 343 1005 exornatas
366 942 402 1003 ab
430 945 495 1024 ipso
523 951 610 1023 poeta
640 940 755 1004 labulas
784 944 903 1004 mutatis
932 946 1065 1005 numeris
1093 952 1124 1004 et
1149 945 1248 1006 verbis

104 1046 254 1108 recoxisse
277 1062 383 1122 quam,
414 1053 446 1106 ut
467 1047 498 1106 in
519 1047 601 1107 Arati
631 1063 748 1125 quoque
770 1044 988 1107 Phaenomenis
1016 1047 1248 1125 interpretandis

100 1149 171 1208 lecit
193 1148 241 1228 (cl.
266 1143 603 1225 continuandam),
636 1145 733 1208 obiter
761 1145 799 1207 ab
825 1146 876 1207 illo
905 1148 1084 1226 significatas
1111 1147 1249 1210 adhibitis

102 1246 317 1328 antiquioribus
331 1247 512 1317 auctoribus,
537 1250 659 1310 Graecis
674 1249 812 1316 maxime,
835 1251 897 1309 suis
914 1247 1049 1310 versibus
1064 1251 1248 1310 enarratisse

103 1349 228 1411 ridetur.
279 1348 363 1421 Quod
390 1348 536 1428 probatur
563 1349 657 1411 Servii
685 1349 720 1410 ad
749 1352 821 1412 hen.
850 1349 876 1410 X
902 1347 964 1412 388
994 1351 1179 1412 testimonio:
1210 1351 1248 1411 de

101 1448 284 1511 Anchemolo
308 1451 387 1512 euim
412 1448 556 1512 thalamos
579 1469 650 1512 auso
678 1453 830 1513 incestare
856 1469 1001 1513 novercae
1028 1451 1157 1512 tabulam
1187 1471 1248 1512 uno

101 1552 193 1613 verbo
216 1552 376 1631 avergilio
399 1559 505 1614 tactam
529 1553 676 1614 enarravit
699 1560 820 1614 auctore
842 1573 915 1614 usus
930 1552 1068 1616 Cornelio
1083 1552 1249 1614 Alexandro

104 1653 440 1732 Polybistorebiilesio,
470 1656 661 1731 grammatico
685 1655 835 1725 Crateteo,
865 1657 1005 1735 quicum
1029 1653 1129 1716 Sullae
1147 1662 1247 1715 aetate

101 1757 215 1817 llomao
238 1772 342 1817 seruus
364 1757 504 1835 primum,
529 1755 636 1817 deinde
659 1754 785 1817 libertus
808 1762 851 1816 tot
872 1755 1011 1818 historias
1028 1755 1193 1832 tradiderit,
1216 1763 1250 1816 ut

104 1860 168 1936 ipse
190 1855 339 1918 Historiae
362 1859 537 1935 cognomine
560 1864 717 1918 vocaretur
741 1855 788 1934 (ei.
812 1857 972 1918 Suetonius
1000 1856 1037 1917 de
1064 1856 1106 1917 ill.
1135 1875 1179 1935 gr.
1208 1854 1250 1917 20

103 1958 342 2020 Graeicuhanius
364 1959 376 2018 l
398 1955 462 2019 420
493 1958 520 2019 ll
542 1955 602 2020 160
634 1958 782 2035 Wegeuer
805 1958 841 2019 de
864 1957 930 2019 aula
945 1957 1067 2019 Attalica
1086 1954 1147 2018 194
1161 1957 1247 2036 sqq),

103 2067 192 2137 atque
215 2060 288 2124 adeo
310 2058 348 2120 de
364 2059 459 2121 lloma
481 2060 611 2137 quinque
634 2058 727 2120 libros
750 2060 960 2138 composuerit,
984 2060 1094 2119 mirum
1116 2065 1248 2128 nonest,
1347 2111 1352 2120 .

103 2179 138 2222 111
164 2163 228 2221 1111
251 2163 344 2241 copiis
367 2160 528 2239 Vergilium
557 2160 700 2222 hausisse.
751 2159 811 2221 Nec
839 2159 943 2221 dubito
972 2161 1041 2238 quin
1069 2161 1100 2220 in
1128 2158 1249 2220 scholiis

104 2263 217 2324 nostris
244 2263 300 2322 alia
330 2282 448 2343 quoque
476 2265 537 2323 sive
566 2281 601 2323 111
624 2261 791 2324 Alexandro
819 2263 880 2322 sire
909 2263 1078 2324 1111111111
1110 2267 1249 2340 excerpta

102 2365 222 2426 lateant.
253 2364 380 2446 Maxime
403 2383 473 2425 vero
489 2364 630 2444 Hyginus,
655 2365 705 2443 qui
728 2362 877 2424 ‘studiose
901 2371 930 2424 et
953 2363 1045 2424 audiit
1067 2370 1097 2423 et
1117 2364 1249 2425 imitatus

101 2470 162 2526 est’
188 2465 319 2544 (Sueten.
343 2466 380 2526 de
403 2465 444 2526 ill.
467 2484 510 2544 gr.
534 2463 585 2544 20)
609 2464 757 2527 Milesium
779 2466 1021 2544 grammaticum,
1044 2466 1074 2525 in
1097 2482 1250 2525 commen-

104 2567 193 2638 tando
217 2567 346 2645 Vergilio
370 2569 502 2646 magistri
524 2567 680 2629 thesauros
703 2567 909 2646 compilavisse
931 2565 1082 2646 putandus
1107 2567 1173 2626 erit.

190 2669 278 2730 Certo
301 2667 421 2746 quidem
443 2669 613 2730 testimonio
636 2669 712 2730 alter
734 2675 846 2758 1111111111
863 2685 899 2728 ex
915 2669 1016 2729 hvieni
1032 2669 1249 2729 commentario

101 2771 187 2831 locus
209 2770 288 2849 apud
312 2765 449 2831 Servium
472 2770 619 2840 adfertur,
650 2773 700 2848 qui
729 2772 838 2830 mirum
865 2772 897 2829 in
925 2769 1045 2830 modum
1074 2755 1248 2848 comprobat

101 2871 242 2932 iudicium
277 2878 422 2933 nostrum.
478 2871 551 2933 Nam
585 2890 652 2934 cum
685 2863 822 2950 imaginis
849 2889 953 2940 causa,
987 2880 1020 2931 ut
1042 2870 1189 2931 ilammam
1213 2889 1248 2930 111

102 2976 219 3035 Aeneae
249 2974 364 3036 ¹uertice
399 2979 429 3033 et
461 2971 558 3051 clipeo
591 2981 798 3034 coruscantem
832 2970 1031 3042 describeret,
1066 2980 1248 3033 cometarum

104 3074 285 3134 mentionem
308 3075 462 3135 iniecisset
477 3074 631 3152 Vergilius,
654 3076 791 3144 Avienus,
815 3075 867 3151 qui
883 3075 971 3134 etiam
987 3075 1017 3134 iu
1033 3072 1249 3134 Phaenomenis

103 3175 219 3236 Arateis
242 3194 267 3233 1.
292 3171 356 3236 594
378 3193 443 3254 sqq.
473 3174 593 3236 brevius
622 3174 659 3235 de
688 3174 746 3254 illis
774 3176 927 3254 exposuit,
958 3174 1129 3253 plenissime
1156 3181 1248 3234 totam

101 3283 287 3336 cometarum
328 3284 464 3337 naturam
503 3275 623 3338 edocuit
661 3275 791 3354 (Servius
828 3277 900 3338 heu.
935 3275 960 3336 X
991 3272 1055 3336 272
1095 3282 1124 3335 et
1157 3293 1201 3353 ge.
1237 3274 1249 3335 l

97 3374 189 3458 488).

188 3478 287 3556 hlagni
310 3480 413 3548 etiarn,
442 3479 468 3539 si
490 3486 618 3549 extaret,
648 3478 684 3539 ad
713 3477 803 3540 verba
825 3486 931 3558 poetae
954 3477 1138 3539 emendanda
1160 3479 1249 3558 pretii

104 3587 184 3641 esset
206 3583 336 3641 Arriani
349 3580 461 3640 Graeca
485 3583 645 3660 georgicon
669 3580 864 3660 metaphrasis
887 3580 1003 3660 (Suidas
1026 3599 1049 3641 s.
1073 3598 1099 3641 1.
1124 3581 1249 3642 1111111-

109 3681 216 3742 nebius
231 3681 308 3743 anal.
325 3681 406 3742 hlex.
423 3678 568 3762 310111,
593 3699 667 3760 quae
691 3701 749 3762 quo
773 3689 907 3761 tempore
931 3681 1006 3742 iacta
1029 3683 1067 3742 sit
1089 3684 1247 3743 nescimus.

100 3784 242 3859 Polybius
270 3783 403 3844 Senecae
428 3775 545 3846 'amicus
573 3801 649 3861 quae
677 3783 798 3861 Vergilii
826 3783 957 3844 carmina
990 3782 1127 3862 pluribus
1161 3801 1249 3860 quam

101 3886 212 3963 scripta
235 3892 321 3945 erant
342 3892 411 3946 nota
435 3903 501 3946 esse
518 3884 651 3955 voluerit,
674 3894 775 3946 utrum
799 3883 934 3944 versibus
950 3901 987 3944 an
1002 3902 1092 3963 prosa
1115 3886 1249 3947 oratione

100 3987 213 4046 Graece
246 3988 370 4047 verterit
402 4005 533 4066 numque
556 3985 716 4047 absolverit
743 4005 828 4065 opus,
858 4005 894 4046 111
917 3987 1047 4046 Senecae
1074 3981 1248 4047 11111118

103 4087 318 4165 significatione
351 4087 501 4150 levissima
536 4106 595 4149 non
631 4089 820 4174 perspicitur.
873 4086 1249 4166 (11.1111111111111111

99 4183 163 4249 312
185 4191 239 4278 sq.)
