2956 4906
539 364 783 407 ruonnuounut.
944 347 949 352 ’
1168 339 1231 405 207

173 532 346 594 Memoriter
369 532 484 595 laudata
508 531 584 611 apud
607 539 768 609 utrumque

130 637 202 695 hen.
225 634 280 696 llll
304 631 361 695 161
385 653 441 714 pro
463 628 635 718 intereo]
659 637 815 708 continuo,
841 635 912 692 item
936 632 1043 694 Donati
1066 651 1093 712 p.
1117 629 1178 693 397
1202 631 1237 692 ll.

154 767 164 780 ·
244 771 256 784 -
303 732 362 797 166
408 767 419 782 ·
463 730 666 818 tinellum,

88 837 166 918 apud
191 838 355 900 Charisium
379 838 489 900 solum:

172 941 244 1001 heu.
269 937 382 1003 v1351
411 959 466 1021 pro
489 929 597 1002 traxi
615 937 773 1020 mecum]
798 941 896 1001 traxit
917 942 1027 1009 omnin,
1132 957 1135 962 ’

37 1125 39 1128 ¹
89 1043 168 1122 apud
193 1041 365 1103 Diomedem
387 1041 497 1103 solum:

172 1147 245 1206 hen.
268 1142 317 1204 711
340 1141 400 1206 811
425 1163 481 1224 pro
503 1146 644 1206 celeris
665 1138 748 1227 neo]
772 1160 864 1205 eursu
886 1160 947 1204 non

195 1279 206 1292 ·
279 1233 401 1308 111657
447 1280 458 1293 ·
502 1239 1200 1329 mortalismecltoarpectos]moiseo

195 1381 207 1392 -
266 1345 404 1410 1111373
449 1382 460 1394 -
506 1343 782 1433 dextroloorse

197 1483 209 1496 -
286 1483 297 1495 ·
343 1446 403 1511 787
449 1484 460 1496 -
505 1443 906 1532 abrodiceldestirpe.

173 1585 277 1646 Tertio
299 1584 419 1647 saeculo
442 1585 514 1665 legit
529 1585 690 1665 Vergilium
715 1585 913 1648 Terentianus
935 1586 1072 1654 Moerus,
1097 1583 1237 1644 Diomede

87 1688 248 1764 antiquior.
295 1688 386 1749 Cuius
408 1689 433 1748 si
449 1688 521 1749 fides
536 1686 671 1750 habenda
686 1687 898 1750 Mediolanensi
915 1685 1078 1765 exemplari
1095 1703 1236 1766 expresso

89 1807 125 1849 ex
148 1788 249 1850 codice
265 1788 413 1859 Bobiensi,
437 1807 482 1868 ge.
507 1789 518 1850 l
541 1786 604 1850 449
627 1797 660 1850 ut
682 1798 784 1870 postea
798 1790 911 1851 Nonius
933 1806 1023 1865 quom
1046 1788 1166 1850 tradidit
1182 1807 1238 1869 pro

91 1909 128 1950 eo
151 1890 230 1970 quod
253 1892 283 1951 in
306 1890 391 1953 libris
413 1893 523 1952 nostris
551 1898 596 1952 est
624 1898 712 1962 tunm
743 1900 770 1953 et
799 1900 916 1972 poterat
942 1890 1014 1952 illud
1046 1908 1163 1969 quoque
1187 1909 1237 1951 ox·

88 1992 242 2054 clamando
264 2001 350 2072 poeta
373 2011 501 2073 ponere,
531 1992 581 2054 sed
605 1995 707 2054 verius
735 1994 791 2055 hoo
813 2001 895 2074 puto.
946 1991 1058 2061 Eidem,
1088 1993 1185 2070 sige.
1211 1992 1236 2052 ll

91 2089 151 2155 181
173 2097 289 2170 enodet
312 2093 399 2173 legit,
430 2113 488 2156 non
515 2098 700 2171 enodem,
730 2097 868 2156 convenit
890 2113 957 2156 oum
982 2094 1065 2154 Moe.
1117 2094 1236 2154 Certum

88 2202 136 2256 ost
164 2198 261 2277 ipsum
291 2197 447 2276 scripsisse
477 2199 548 2258 hen.
579 2196 613 2256 71
645 2194 706 2258 179
736 2217 802 2259 oum
831 2195 1015 2276 diphthongo
1047 2198 1140 2270 eitnr,
1178 2212 1237 2273 qno

87 2307 210 2359 auctore
232 2317 303 2359 usus
326 2299 365 2360 sit
386 2299 464 2359 inire
489 2298 663 2361 videbimus,
696 2301 769 2361 Aen.
793 2299 830 2360 111
853 2294 916 2361 503
939 2295 1077 2359 consulto
1102 2299 1235 2366 mutavit,

87 2407 122 2460 ut
144 2399 300 2461 commodo
324 2401 460 2481 exemplo
483 2409 641 2481 praecepta
664 2400 836 2463 illustraret.

174 2535 286 2607 Quarto
311 2536 431 2598 saeculo
445 2537 543 2599 Iulius
557 2539 739 2612 Rufinianus
761 2538 923 2615 figurarum
948 2535 1082 2616 exempla
1106 2533 1235 2614 collegit,

88 2639 137 2698 oui
166 2638 354 2717 adiungimus
386 2641 566 2701 imitatorem
601 2657 688 2718 quem
721 2637 801 2700 illius
835 2656 944 2700 nomen
977 2640 1135 2699 mentitum
1168 2656 1234 2698 esse

74 2738 286 2801 'lluhuhenius
309 2740 389 2802 vidit.
427 2741 522 2802 Huius
538 2749 636 2802 autem
661 2740 753 2802 lihelli
777 2738 939 2822 exemplari
961 2743 1059 2808 unico.
1084 2739 1237 2802 Basiliensi

88 2839 202 2902 seilicet
216 2841 345 2913 editioni,
365 2841 511 2904 dehemus
526 2843 632 2903 bonnm
652 2843 777 2906 formam
795 2847 834 2904 ni
848 2843 968 2905 hen.Vl
982 2839 1045 2904 353
1057 2841 1238 2922 provulgari
1338 2893 1342 2902 .

87 2960 135 3003 ne.
157 2938 282 3004 ¹Eidem
310 2943 476 3023 parendum
505 2944 634 3014 videtur,
666 2947 716 3024 qui
744 2948 816 3007 hen.
841 2944 905 3005 Vlll
932 2941 995 3006 236
1024 2947 1072 3005 ‘in
1100 2948 1235 3006 emnem’

90 3051 226 3115 testatur,
250 3047 384 3124 quamvis
406 3047 436 3106 in
459 3045 544 3107 libris
566 3048 676 3108 nostris
698 3047 837 3109 omnihus
864 3047 1087 3126 praepositione
1115 3049 1158 3107 ud
1184 3045 1236 3106 oh·

88 3145 263 3218 litteratum,
287 3149 352 3210 eius
374 3148 467 3228 ipsius
490 3148 609 3226 figurae,
635 3165 723 3226 quam
747 3150 850 3211 rhetor
872 3145 922 3210 ille
945 3146 1159 3217 animadvertit,
1183 3165 1237 3209 no·
1345 3221 1354 3230 „

87 3249 194 3310 landae
217 3268 305 3311 eausa
328 3251 548 3330 suprascripta,
577 3258 611 3311 ul
633 3252 780 3330 suspicor.
829 3249 921 3311 lleete
944 3252 1056 3311 notavit
1077 3250 1236 3328 genuinam

88 3350 245 3412 lectionem
270 3353 342 3413 hen.
367 3347 492 3414 111230
515 3356 733 3429 petendum,
763 3369 838 3430 qnae
866 3359 966 3413 tannen
989 3360 1108 3432 praeter
1131 3353 1186 3413 Mt
1208 3359 1237 3412 et

92 3453 230 3515 Servium
265 3455 353 3515 etiam
386 3455 417 3515 in
448 3456 485 3516 bc
516 3452 639 3534 aliisque
671 3454 890 3516 recentioribus
923 3453 1009 3515 libris
1037 3460 1151 3516 servata
1181 3460 1235 3523 est,

88 3573 269 3635 quamquam
307 3562 448 3634 corrupta
484 3557 704 3634 grammatistae
740 3555 969 3636 interpolatione
1009 3559 1170 3632 petendam
1205 3557 1237 3615 in

89 3658 232 3736 Mrpny.
284 3657 343 3717 Sed
375 3657 453 3737 quod
478 3656 532 3718 eol.
556 3654 658 3718 v130
684 3661 837 3720 mirentur
863 3660 988 3737 figurato
1017 3676 1154 3719 sermone
1181 3675 1237 3737 pro

88 3755 234 3837 singulari
257 3777 383 3820 numero
400 3759 530 3840 positum
547 3765 660 3829 narrat,
684 3758 770 3820 l'auile
785 3766 884 3839 potest
899 3761 1043 3840 deceptus
1057 3779 1124 3821 esse
1138 3778 1237 3839 gram·

88 3861 264 3921 maticorum
288 3860 401 3932 studio,
432 3862 483 3938 qui
506 3861 688 3939 ubicumque
710 3861 795 3941 plura
818 3881 884 3922 oum
909 3881 968 3924 uno
990 3862 1082 3923 verbo
1104 3862 1236 3924 subiecta

87 3963 311 4040 coniunguntur
341 3962 485 4043 pluralem
520 3960 698 4032 intulerunt,
729 3964 778 4042 qui
802 3964 890 4025 etiam
913 3963 1059 4024 hocloco
1086 3966 1116 4025 in
1139 3965 1236 4026 Ratm

84 4065 235 4127 invenitur
259 4065 306 4143 (ei.
333 4065 474 4146 Wagneri
498 4072 625 4142 quaesit,
649 4064 736 4143 Vorg.
760 4063 885 4144 71113).

174 4200 288 4275 Cetera,
312 4219 388 4282 quae
414 4200 459 4261 vel
481 4219 570 4262 verus
594 4200 637 4261 vel
661 4212 842 4281 personatus⁸
857 4198 1032 4264 Rufinianus
1047 4203 1076 4263 in
1093 4201 1236 4280 exemplis

87 4301 203 4366 diverse
226 4322 242 4364 a
266 4310 371 4365 nostro
394 4311 476 4363 textu
500 4302 637 4373 tradunt,
666 4303 774 4383 partim
802 4301 995 4381 neglegenter
1022 4302 1059 4364 ab
1087 4305 1160 4382 ipsis
1182 4303 1233 4364 ad·

82 4406 194 4486 scripta
216 4407 325 4486 partim
348 4425 364 4466 a
386 4404 517 4467 librariis
540 4411 680 4486 corrupta
703 4412 781 4467 sunt.
828 4403 885 4466 lllo
908 4423 944 4466 ex
966 4421 1078 4482 genere
1094 4403 1232 4485 estquod
