3038 4912
533 381 536 390 ν
582 363 825 409 rnoueoounus.
1230 341 1272 406 99

212 533 254 595 lle
276 531 341 594 aliis
363 529 484 611 Vergilii
508 532 759 594 obtrectatoribus
789 551 882 612 pauca
911 532 962 592 sed
992 549 1024 592 ea
1053 531 1137 592 valde
1159 549 1271 592 memo·

124 633 230 696 rabilia
255 632 376 694 tradidit
399 635 562 695 Suetonius
584 636 615 695 in
638 636 695 695 vita
718 653 747 714 p.
772 631 814 696 65
835 653 878 715 sq.
904 634 937 696 ll.
982 634 1056 695 Nam
1079 636 1178 696 statim
1203 636 1272 696 ‘bu-

122 740 229 798 colicis
250 734 375 816 prolatis
398 739 600 798 innominatus
622 736 740 816 quidam
769 738 923 816 rescripsit
950 738 1170 816 ontibucolicn,
1199 737 1291 812 duas,

123 839 214 900 modo
237 838 371 916 eclogas,
396 839 448 899 sed
471 839 668 901 insulsissime
691 831 907 922 canabinas,
936 857 1062 917 quarum
1085 841 1194 919 prioris
1215 840 1270 900 ini-

124 943 196 1002 tium
221 949 280 1002 est:

278 1099 385 1172 Tityre,
408 1099 431 1154 si
455 1107 520 1173 toga
543 1099 622 1166 calda,
642 1098 691 1156 tibi
714 1108 771 1168 est,
796 1117 851 1172 quo
875 1099 994 1174 tegmina
1018 1100 1093 1174 lagi?
1200 1081 1203 1086 ¹

124 1232 294 1310 sequentis:

277 1369 322 1426 dic
343 1370 425 1435 milri,
449 1371 590 1433 Damoeta.
614 1372 707 1427 cuium
730 1387 815 1445 pecus
838 1386 907 1429 anne
930 1372 1062 1428 latinum?

229 1475 231 1484 ’
277 1471 347 1511 nou:
372 1471 463 1510 vermn
486 1458 606 1530 Aegonis
629 1457 717 1512 nostri
740 1459 781 1512 sic
802 1475 866 1514 rure
887 1457 1064 1531 loquuntur!
1145 1477 1148 1484 ·

124 1571 175 1633 ubi
198 1573 332 1632 ‘cuium’
349 1571 450 1656 *lorma
475 1573 606 1651 carpitur
630 1571 676 1648 (ci.
695 1573 803 1649 Serv.):
829 1590 900 1651 ergo
916 1590 976 1633 non
998 1571 1271 1652 interpungendum

123 1683 193 1753 post
214 1655 353 1752 spebus&

209 1776 312 1852 ltaque
330 1773 460 1853 'primam
484 1783 514 1835 et
535 1777 651 1837 tertiam
665 1776 788 1855 Vergilii
811 1776 943 1856 eclogam
966 1777 1016 1838 ille
1039 1778 1190 1841 cavillatus
1215 1788 1269 1851 est,

125 1887 158 1940 ut
181 1877 332 1938 diversum
348 1875 385 1936 ab
401 1877 458 1936 lroc
480 1880 744 1954 Vergilianasiipn
760 1880 850 1940 luisse
865 1899 920 1959 par
941 1883 987 1949 sit,
1012 1898 1100 1958 quern
1125 1881 1273 1943 secundae

125 1981 247 2058 eelogae
271 1999 298 2040 r.
321 1975 363 2040 22
386 1979 515 2058 maligna
539 1981 728 2042 distinctione
757 1984 799 2042 sic
821 1985 993 2061 corrupisse
1016 1983 1138 2043 Servius
1160 2003 1272 2044 merno-

125 2091 187 2142 rat:
212 2086 262 2143 tce
284 2083 359 2142 mibi
378 2101 438 2143 non
462 2073 576 2144 nestute'
597 2101 714 2158 novom,
739 2101 799 2144 non
819 2085 958 2158 frigore:
985 2087 1065 2158 defit.
1112 2085 1169 2145 Sed
1193 2083 1273 2146 illius

119 2203 185 2245 non
207 2184 302 2244 atesim
326 2183 426 2244 dicere
448 2193 548 2245 utrum
572 2203 681 2246 nomen
705 2179 821 2264 aliquod
846 2185 928 2256 reiut
952 2188 1139 2248 Numitorius
1165 2189 1195 2247 in
1223 2206 1272 2248 co·
1320 2171 1323 2178 ¹

126 2287 226 2346 dicum
257 2285 364 2347 litteris
393 2290 542 2366 corruptis
569 2271 747 2348 nuinntorns
775 2295 804 2348 et
825 2292 1027 2351 criminatoris
1053 2289 1142 2349 lateat
1170 2307 1206 2350 au
1235 2309 1273 2350 ue

125 2390 272 2450 Suetonio
296 2388 415 2466 quidem
440 2396 541 2449 notunr
564 2391 657 2450 luisse
680 2388 798 2460 Daniel,
823 2393 908 2451 cuius
931 2395 1135 2471 innominatus
1158 2394 1273 2454 coniec-

126 2501 213 2553 turae
244 2491 505 2552 Reifferscheidins
538 2490 728 2570 subscripsit,
766 2502 848 2553 recte
882 2496 1027 2554 statuerit.
1083 2495 1180 2556 Minus
1214 2495 1272 2556 huc
1307 2479 1311 2486 ⁸

124 2589 258 2675 pertinet
279 2589 356 2673 lpuod
380 2593 456 2653 alius
470 2593 610 2654 Hesiodei
634 2612 669 2653 ex
691 2613 760 2673 opp.
776 2591 837 2655 391
862 2615 966 2656 versus
986 2599 1107 2674 ignarus
1129 2600 1272 2658 recitante

126 2691 255 2774 Vergilio
271 2689 319 2756 'ex
339 2699 493 2772 georgicis
514 2696 526 2756 l
549 2693 612 2756 299
640 2699 758 2758 ‘nudus
786 2717 859 2768 cru,
889 2717 955 2760 sere
977 2701 1096 2761 nndns'
1125 2701 1270 2762 insulsum

125 2798 350 2859 hemistichium
386 2799 525 2858 ‘babebis
550 2799 676 2874 frigore.
695 2798 831 2872 sebrem'
866 2801 1028 2863 subiecisse
1056 2812 1194 2864 narratur
1224 2803 1271 2882 (cl.

124 2900 264 2979 Servius).

210 3005 327 3082 integer
350 3021 428 3062 ‘vero
456 3002 599 3064 adversus
622 3003 750 3063 Aeneida
778 3002 854 3064 liber
882 3008 976 3066 extitit
1005 3009 1122 3068 Cartili
1141 3009 1273 3069 Pictoris
1379 3075 1381 3080 ,
1480 3067 1481 3070 ,

125 3106 211 3167 titulo
234 3109 465 3179 Aeneomnstirr,
493 3105 571 3166 unde
593 3106 720 3166 sortasse
743 3105 897 3187 desumpta
920 3110 1018 3187 inepta
1043 3108 1119 3188 apud
1136 3110 1270 3169 Serrium
1294 3147 1297 3154 ,

125 3209 292 3280 adnotatio,
323 3211 374 3286 qui
396 3209 432 3268 ad
455 3211 527 3269 Aen.
552 3207 575 3266 V
596 3204 657 3270 521
681 3207 755 3268 baec
777 3218 936 3271 memorat:
968 3209 1085 3292 ‘culpat
1107 3211 1155 3270 bic
1177 3211 1271 3290 Virgi-

124 3311 196 3372 lium
220 3309 460 3389 Virgiliomastirc
505 3319 599 3372 artem
630 3313 708 3371 enirn
736 3313 767 3372 in
802 3331 893 3373 vacuo
927 3319 996 3374 aiere
1026 3313 1184 3373 ostendere
1211 3332 1270 3373 non

124 3422 257 3492 poteram
282 3431 462 3493 quamquam
485 3413 584 3473 dicant
605 3415 692 3493 periti
713 3434 800 3495 posse
817 3409 933 3504 er'ipso
949 3417 1169 3495 sagittariorum
1185 3423 1270 3494 gestu

123 3520 195 3578 artis
217 3518 355 3596 peritiam
377 3517 529 3578 indicari’.
979 3531 981 3536 ·

90 3611 92 3616 ’
208 3619 264 3680 Alii
287 3618 458 3698 diligentius
481 3618 595 3680 seilicet
617 3624 769 3682 materiam
792 3641 875 3683 suam
900 3622 1140 3683 administrantes
1156 3621 1271 3701 singula

123 3724 216 3784 totius
244 3741 351 3785 causae
380 3725 463 3801 quasi
492 3724 587 3802 capita
609 3725 762 3786 tractanda
785 3725 842 3786 sibi
865 3733 1069 3806 sumpserunt:
1105 3744 1140 3786 ex
1165 3724 1271 3804 quibus

57 3901 69 3920 Ι
124 3827 297 3889 Herennius
325 3826 446 3903 quidam
474 3813 588 3887 tan'tum
617 3830 706 3903 vitiu,
738 3828 790 3889 sed
819 3847 853 3890 ea
881 3847 941 3889 non
969 3829 1117 3890 sermonis
1146 3836 1270 3898 tantum,

123 3931 154 3989 ni
176 3927 270 4000 lallor,
295 3931 442 3990 Perellius
464 3932 596 3992 Furnius
613 3928 719 4010 furto,
742 3930 770 3992 b.
796 3952 821 3992 e.
847 3948 922 4008 quae
946 3949 983 3992 ex
1005 3929 1069 3992 aliis
1091 3933 1187 4012 poetis
1210 3933 1272 3991 sive

123 4031 246 4092 Graecis
269 4033 329 4092 sire
350 4031 491 4093 Romanis
511 4041 571 4092 tarn
592 4034 623 4092 in
645 4033 743 4095 verbis
759 4053 846 4114 quam
869 4037 900 4095 in
922 4034 1014 4096 rebus
1036 4041 1186 4095 mutuatus
1209 4041 1272 4094 erat

122 4143 220 4213 poeta,
244 4136 408 4204 contraxit;
433 4137 517 4197 cuius
534 4138 716 4214 quaestionis
731 4146 846 4216 partem
870 4139 997 4222 aliquam
1020 4140 1139 4219 penitus
1162 4137 1270 4198 exhau-

123 4238 198 4297 sisse
222 4238 359 4300 videntur
381 4257 456 4318 quae
479 4240 549 4298 item
565 4237 698 4301 Suetonii
722 4249 817 4303 aetate
841 4246 1003 4305 extiterunt
1020 4243 1051 4316 Q.
1072 4245 1178 4305 Octavi
1190 4244 1274 4304 Aviti

123 4341 266 4402 bomoeon
289 4344 432 4403 etencbon
455 4349 521 4402 octo
544 4345 708 4412 volumino,
739 4364 814 4424 quae
838 4363 912 4424 quos
941 4355 970 4407 et
997 4347 1076 4408 unde
1103 4365 1206 4407 versus
1236 4363 1270 4405 ex

124 4441 235 4504 Latinis
258 4451 330 4522 puto
353 4445 449 4523 pontis
471 4445 670 4534 transtulisset
692 4448 892 4510 continebant.
