2962 4904
550 371 795 438 rnocnoonsrn.
1016 395 1022 406 -
1203 351 1245 418 59

184 541 222 602 Et
243 540 280 602 de
302 557 358 602 333
385 542 526 615 priorum
549 541 687 602 Aeneidis
716 539 862 602 librorum
891 540 996 603 ordine
1025 559 1059 602 ac
1082 539 1245 604 rationibus

101 644 141 704 113
157 643 316 734 disputarit
334 619 513 705 Fride‘rieus
529 646 666 704 Oourods
688 645 718 704 in
742 643 967 720 quaestionibus
983 642 1148 722 virgilianis
1171 661 1246 721 quae

98 746 238 807 Treveris
253 763 331 806 anno
345 742 425 807 1863
437 744 623 824 prodierunt,
640 753 672 806 ut
687 747 716 806 in
732 764 782 806 res
796 747 992 825 potissimum,
1010 762 1084 822 quae
1100 748 1130 806 in
1145 748 1246 826 priore

97 849 241 928 poematis
262 854 352 930 33113
370 847 636 908 minusconcinne
658 848 737 908 inter
752 866 785 908 se
807 864 974 926 congruere
995 847 1177 917 viderentur,
1201 849 1265 908 inv

99 952 242 1028 quireret.
289 948 380 1011 Nobis
403 956 502 1010 autem
525 948 572 1009 hic
600 948 637 1009 de
660 949 799 1010 33113133
828 967 919 1029 33313
943 950 1244 1029 circumspiciendum

98 1055 169 1122 erit,
200 1058 233 1113 nt
255 1051 341 1131 quale
362 1051 517 1130 reliquerit
539 1050 670 1130 quidque
692 1050 805 1112 laboris
827 1052 971 1113 restiterit
994 1058 1022 1111 31
1045 1051 1162 1133 quando
1185 1053 1245 1112 sin·

96 1153 181 1233 gulas
206 1160 305 1234 331133
328 1154 491 1232 scripserit,
522 1160 663 1234 quantum
686 1151 769 1214 brevi
792 1152 1024 1233 perlustratione
1053 1155 1118 1215 lteri
1148 1159 1247 1231 potest

97 1255 316 1336 intellegamus.

184 1358 220 1419 Et
241 1364 383 1435 quartum
407 1355 535 1434 quidem,
560 1357 720 1418 formatum
743 1357 779 1418 od
802 1357 948 1438 Apollonii
971 1356 1078 1420 Rhodii
1094 1359 1247 1436 Argonau-

99 1462 178 1522 ticon
206 1459 275 1520 libri
297 1459 350 1520 llll
373 1458 557 1538 exemplum,
590 1476 649 1536 equo
672 1459 793 1520 Medeae
822 1460 858 1521 ab
881 1461 986 1522 iasone
1014 1458 1149 1522 desertae
1177 1458 1250 1520 ultio

98 1568 245 1632 113113131,
271 1563 410 1638 qnoniam
433 1561 469 1622 ab
492 1560 605 1622 altioris
627 1561 780 1640 indaginis
803 1561 970 1623 eruditione
992 1562 1107 1623 alienus
1121 1563 1152 1622 in
1168 1579 1249 1622 amo·

98 1665 141 1725 ris
177 1664 304 1724 maxime
337 1664 453 1724 1333313
488 1665 515 1722 vi
550 1662 721 1724 exornanda
751 1672 901 1733 versatur,
941 1664 1006 1724 aliis
1035 1664 1119 1743 prins
1148 1663 1250 1742 3311131

99 1767 232 1844 33131333
256 1767 476 1845 separatimque
500 1765 655 1826 recitatum
679 1782 860 1845 niagnopere
884 1764 1033 1845 placuisse
1057 1767 1164 1826 mirum
1187 1782 1247 1826 non
1285 1797 1286 1800 ¹

7 1849 19 1860 ⁸
102 1875 156 1927 est.
193 1866 235 1928 lta
259 1867 337 1928 enim
360 1864 501 1928 llaerobii
524 1869 611 1928 etiam
640 1874 736 1928 aetate
763 1867 962 1929 ‘lascivientis
985 1866 1108 1929 Didonis
1131 1865 1249 1928 iabula’

101 1969 271 2046 Vergiliana
293 1987 348 2048 331
372 1987 423 2029 313
447 1971 580 2029 omnium
609 1967 762 2037 volitabat,
792 1975 827 2029 ut
854 1970 984 2049 pictores
1014 1971 1192 2046 fictoresque
1220 1977 1250 2028 et

99 2072 150 2148 qui
173 2071 322 2149 figmentis
343 2068 482 2131 liciorum
505 2078 660 2131 contextas
682 2069 876 2132 imitabantur
905 2071 1019 2149 effigies
1047 2056 1103 2148 bae
1126 2071 1248 2132 13313113

100 2172 144 2232 131
173 2173 301 2232 maxime
329 2173 359 2231 in
390 2172 552 2233 efficiendis
579 2171 746 2234 simulacris
775 2180 924 2250 tamquam
954 2173 1041 2232 113133
1073 2180 1249 2252 argumento

99 2274 217 2335 decoris
238 2280 394 2334 uterentur
416 2293 472 2334 nec
494 2276 593 2335 minus
615 2273 792 2344 histrionum
817 2275 970 2354 perpetuis
999 2280 1029 2334 et
1056 2272 1190 2352 gestibus
1220 2282 1249 2333 31

99 2375 235 2436 cantibus
247 2359 452 2436 celebraretur
465 2375 617 2450 (Macrobii
626 2375 718 2437 Satv
732 2374 780 2446 17,
793 2375 814 2438 5
827 2377 914 2438 verba
927 2379 1015 2454 sunt).
1037 2375 1080 2437 db
1093 2375 1149 2436 bne
1159 2377 1249 2453 igitur

100 2476 185 2546 libro,
210 2479 262 2555 qni
282 2478 340 2557 ipsi
364 2477 472 2538 ceteris
495 2479 589 2556 tnagis
612 2477 758 2558 placuisse
782 2477 913 2550 ridetur,
943 2477 1046 2539 iudicii
1069 2478 1105 2539 de
1134 2483 1197 2539 3113
1222 2485 1250 2536 31

99 2579 218 2658 ingenio
241 2587 346 2658 poetae
369 2597 505 2640 nonnam
529 2578 659 2656 quidque
681 2580 713 2640 in
736 2578 802 2640 aliis
825 2578 960 2659 partibus
984 2577 1114 2641 voluisse
1130 2577 1246 2648 saltem,

102 2683 127 2740 si
148 2698 208 2740 non
232 2681 395 2759 perfecisse
418 2681 564 2759 putandus
580 2682 617 2741 sit
633 2681 833 2743 333133131313
850 2689 1032 2761 repetemus.
1063 2681 1249 2757 Quamquam

100 2800 140 2842 ne
163 2782 245 2842 bunc
273 2781 393 2859 quidem
421 2781 589 2844 absolutum
618 2801 683 2844 esse
713 2783 756 2843 uel
789 2783 976 2844 ltemisticlria
1004 2778 1055 2842 44.
1071 2779 1151 2862 361.
1174 2777 1247 2841 400.

97 2881 170 2945 503.
194 2880 257 2946 516
281 2883 397 2954 docent,
421 2884 531 2962 quibus
553 2886 677 2946 remotis
699 2902 774 2962 qnos
797 2885 891 2946 aliena
908 2903 1014 2946 manns
1030 2884 1129 2946 adsuit
1143 2867 1250 2962 parmis

98 2982 161 3047 343
184 2980 278 3047 3153
302 2984 436 3047 addenda
453 2987 575 3046 3331331.
607 2987 644 3048 Et
658 2986 695 3046 de
719 2985 775 3047 hoo
797 2988 917 3066 quidem
931 2984 973 3049 53
996 2988 1021 3048 31
1044 2992 1127 3047 13313
1150 2985 1247 3062 suspi-

101 3096 186 3148 catus
213 3106 294 3158 sum,
325 3104 362 3148 ne
394 3090 569 3149 sententiam
598 3088 718 3168 quidem
747 3087 911 3168 inpleverat
939 3096 1035 3167 33313.
1087 3086 1246 3148 Praeterea

100 3187 186 3249 111313
209 3189 375 3272 credonem
398 3191 477 3250 circa
499 3209 525 3250 v.
549 3186 628 3259 418,
658 3188 745 3269 33313
774 3190 877 3250 durius
899 3189 1037 3269 abrumpi
1060 3205 1085 3247 v.
1110 3184 1247 3248 300311-

100 3291 214 3360 notari,
251 3291 338 3352 311331
369 3309 395 3351 1.
425 3288 466 3352 98
500 3292 627 3353 13113333
659 3293 853 3371 inperfectam
884 3311 950 3353 esse
975 3292 1143 3368 suspicatus
1172 3307 1248 3350 3313.

101 3393 235 3472 lienique
258 3392 381 3456 Didonis
405 3394 608 3454 execrationes
632 3392 786 3472 ambiguus
803 3395 894 3455 131333
909 3392 1025 3454 ridetur
1045 3400 1133 3472 poeta
1149 3400 1247 3454 utrum

101 3495 144 3556 313
164 3495 342 3556 terminaret
363 3489 427 3558 382
449 3512 532 3573 sqq:

253 3686 333 3744 spero
358 3669 483 3744 equidem
506 3669 617 3730 mediis.
641 3669 731 3742 siquid
755 3685 812 3724 urea
837 3671 946 3726 11331133
970 3676 1095 3743 33333111,

253 3753 386 3829 333311313
410 3755 558 3810 hausurum
581 3752 704 3827 scopulis
727 3762 755 3809 et
778 3755 887 3810 1131111113
909 3753 974 3810 indo

253 3856 335 3913 saepo
358 3847 524 3896 vocaturum.
548 3856 649 3912 sequar
671 3839 738 3894 atris
761 3838 870 3912 ignibus
893 3837 992 3896 absens

253 3931 294 3986 et,
319 3941 380 3980 cnm
403 3923 499 3998 frigida
523 3941 597 3979 mors
620 3925 707 3979 anima
731 3924 869 3980 seduxerit
892 3933 975 3986 31133,

252 4009 378 4066 3131111133
401 4007 494 4066 3311113
518 4008 586 4065 13313
609 4009 700 4070 adero.
732 4008 821 4071 dabis,
846 4008 975 4082 inprobe,
1000 4026 1101 4082 poertos

100 4176 135 4218 311
169 4157 307 4237 33331313
341 4157 619 4235 quomodocumque
660 4155 845 4218 hemistichia
875 4155 938 4218 384
971 4157 1085 4234 reliqna
1124 4159 1165 4217 sic
1199 4176 1246 4216 or·

99 4257 216 4319 dinaret

208 4463 210 4468 ,
252 4433 333 4490 33313
357 4415 482 4492 equidem
506 4416 610 4479 mediis,
635 4419 657 4473 si
681 4416 746 4492 quid
770 4433 826 4472 rnen
851 4418 1108 4492 33131333333331,
