3038 4912
559 347 804 394 rnonsoonrnm.
1214 327 1256 392 69
1309 393 1310 396 ,

193 520 259 581 1766
281 517 451 580 absolutum
474 538 490 580 a
517 525 606 597 poeta
634 520 798 580 secundum
827 517 936 580 tibrum
966 536 1034 580 6666
1062 537 1131 580 cum
1160 519 1255 580 hemi·

99 622 213 682 sticbia
242 621 346 682 decem
382 618 442 700 (66.
469 617 543 682 233.
572 615 644 682 346.
672 617 746 682 468.
773 615 846 680 614.
875 617 947 682 623.
978 617 1050 682 640.
1080 618 1151 683 720.
1183 618 1255 683 767.

99 721 177 801 7777)
202 731 265 783 tum
287 723 430 784 7767767666
451 730 519 802 post
541 741 566 784 r.
591 719 654 784 666
677 725 807 784 narratio
836 723 937 792 (76667,
967 723 1104 803 suppleta
1126 723 1191 795 iiia,
1222 732 1255 786 ut

99 826 182 887 inira
216 825 443 895 demonstrabo,
476 824 512 886 ab
541 823 757 912 interpolatore
785 842 829 885 vr.
859 820 1039 887 oet-588.
1085 826 1253 897 Sociorum,

101 945 180 1006 quos
203 947 246 987 rr.
262 923 431 990 sse-346
448 928 617 997 nominarit,
642 927 752 1006 agmini
774 927 901 988 tortasse
924 935 1044 1008 praeter
1067 926 1140 990 alios
1164 930 1254 990 etiem

101 1029 233 1110 Iphitum
257 1036 286 1091 et
308 1028 420 1098 Pelian,
444 1047 573 1110 quorum
596 1030 745 1109 inprovisa
769 1047 794 1090 r.
818 1025 882 1092 435
905 1031 1017 1090 mentio
1041 1031 1087 1099 nt,
1112 1031 1253 1093 adnume-

102 1139 227 1193 raturus
250 1137 323 1201 erat,
348 1136 381 1192 ut
403 1133 569 1212 suspicatur
591 1129 726 1192 Conrads
749 1149 777 1209 p.
795 1130 881 1192 xvu.
919 1131 1080 1193 Praeterea
1102 1151 1162 1194 666
1184 1131 1254 1213 ptus

103 1243 168 1302 tres
183 1253 289 1296 versus
305 1231 355 1295 76.
379 1229 442 1295 749
465 1239 496 1293 67
517 1231 579 1296 776
602 1234 721 1313 spurios
744 1230 850 1294 babeo.
896 1233 1130 1314 bittographiam
1155 1241 1254 1297 tamen

105 1355 248 1398 versuum
270 1332 313 1398 46
328 1353 372 1414 sq.
398 1353 517 1397 versum
532 1331 575 1398 46
597 1336 718 1414 signavi.
757 1335 899 1398 Nam-aut
921 1335 1028 1397 inclusi
1052 1345 1137 1398 erant
1151 1336 1253 1399 bellivi

101 1438 216 1500 nuliam
240 1438 326 1500 eiiam
349 1439 387 1500 ob
410 1455 527 1499 causam
551 1438 607 1498 nisi
636 1443 669 1498 ut
692 1435 778 1498 ‘urbi
800 1437 931 1517 desuper
954 1440 1107 1500 venirent'
1137 1447 1195 1510 aut,
1227 1441 1252 1501 si

103 1561 164 1602 non
188 1539 294 1602 inclusi
317 1547 411 1610 erant,
435 1557 523 1601 nenio
546 1541 642 1600 iuerat
663 1539 714 1618 qui
738 1538 842 1600 domos
864 1540 1014 1619 inspicere
1029 1549 1140 1620 posset.
1171 1543 1251 1620 Ergo

102 1645 182 1704 intra
206 1661 317 1711 muros,
346 1649 380 1704 ut
401 1643 495 1705 suasit
517 1639 713 1722 Thymoetes,
743 1640 831 1702 (76676
854 1641 924 1702 beiti
947 1642 1084 1704 machina
1107 1645 1132 1704 si
1154 1643 1250 1704 bomi-

103 1744 195 1806 nibus
217 1745 357 1806 destituta
381 1751 475 1814 esset,
506 1750 646 1805 certeco
670 1741 769 1812 ruodo,
793 1762 883 1823 quem
905 1743 1043 1806 Laocoon
1067 1745 1249 1824 significavit,

104 1866 217 1909 nocere
233 1848 371 1909 Troianis
387 1866 446 1909 666
469 1853 594 1926 poterat.
644 1846 755 1907 incerti
777 1853 875 1907 autem
900 1847 1025 1926 periculi
1048 1849 1130 1909 notio
1153 1847 1252 1910 verbis

101 1953 172 2011 ‘aut
195 1949 299 2030 aliquis
322 1949 394 2011 iatet
416 1953 521 2011 error'
550 1969 576 2010 v.
599 1945 641 2010 48
663 1949 843 2011 continetur.
888 1949 996 2012 Contra
1024 1951 1158 2028 paenitet
1187 1953 1250 2012 iere

104 2053 185 2130 quod
208 2061 275 2133 post
298 2071 324 2113 v.
346 2048 546 2114 2576666676
569 2050 695 2113 iudicavi
716 2057 815 2112 motus
837 2051 927 2112 trium
951 2052 1166 2114 sententiarum
1189 2054 1249 2113 676-

102 2155 182 2234 guiis
204 2155 339 2216 versibus
362 2154 416 2237 (rr.
440 2151 575 2234 24-26)
599 2160 771 2214 coactarum
793 2151 918 2233 abrupta
942 2153 1067 2231 quedam
1091 2153 1249 2216 brevitate:

101 2257 155 2318 sed
179 2257 215 2318 ad
239 2275 340 2319 rerum
362 2257 563 2335 integritatem
586 2255 659 2316 nibil
676 2254 872 2316 desideratur.
903 2255 1045 2317 Tibicinis
1067 2255 1131 2318 ioco
1154 2258 1250 2337 posita

103 2361 243 2440 suspicor
266 2378 291 2420 r.
314 2355 379 2421 360
401 2363 477 2420 ‘nox
506 2365 568 2418 atra
599 2376 668 2419 cava
697 2355 889 2422 circumvolat
918 2357 1056 2428 umbra’,
1088 2375 1162 2436 (puae
1191 2357 1250 2420 uisi

104 2464 207 2524 versui
230 2460 376 2542 explendo
398 2459 481 2521 nulio
503 2459 642 2520 ridentur
664 2458 789 2520 consilio
812 2458 910 2522 addita
927 2479 1002 2522 esse.
1035 2461 1168 2541 benique
1184 2480 1249 2522 ver-

105 2584 193 2626 suum
208 2561 272 2626 383
288 2572 318 2626 67
331 2561 395 2625 409
417 2562 642 2624 similitudinem
664 2563 694 2622 in
717 2560 866 2642 perpolito
889 2570 1026 2643 poemate
1048 2582 1109 2624 uon
1126 2563 1248 2626 relictu-

102 2685 170 2728 rum
193 2667 284 2728 tuisse
307 2664 468 2745 Vergilium
491 2666 658 2744 suspicatus
680 2683 755 2725 sum.

188 2769 339 2848 integrum
361 2770 452 2846 igitur
475 2766 585 2829 tibrum
609 2765 781 2835 seeundum,
806 2769 831 2826 si
853 2773 935 2828 recte
957 2767 995 2828 (76
1017 2787 1060 2830 vr.
1077 2764 1249 2833 667-588

102 2872 220 2949 origine
234 2870 408 2939 iudicamus,
424 2889 484 2931 non
494 2877 591 2949 potest
602 2887 741 2949 umquam
754 2868 901 2947 Vergilius
914 2871 1102 2932 recitavisse:
1120 2879 1246 2950 poterat,

103 2975 130 3034 si
151 2974 248 3034 statim
271 2981 340 3053 post
362 2991 386 3033 r.
411 2969 474 3035 566
496 2969 649 3032 interebat
665 2968 728 3032 624
749 2988 830 3049 sqq„
855 2977 888 3032 nt
911 2973 1003 3032 suasit
1025 2973 1246 3054 Peerlkampus.

102 3077 144 3136 ric
166 3075 292 3137 tortasse
315 3075 411 3136 media
435 3075 608 3155 interposita
630 3069 800 3136 689-623
823 3080 890 3153 post
911 3073 1026 3154 reliqua
1050 3074 1220 3138 elaboravit.

188 3177 346 3257 Temporis
356 3177 499 3239 indicium
512 3175 696 3238 nultumtoto
708 3176 785 3238 iibro
798 3177 884 3245 inest,
899 3176 1040 3254 nisiquod
1047 3186 1118 3254 post
1130 3183 1249 3241 tertium

106 3281 250 3360 scriptum
267 3299 334 3342 esse
348 3277 502 3359 probabile
519 3280 552 3341 777
567 3280 705 3340 vaticinio
718 3279 846 3341 Creusae
863 3277 889 3339 11
906 3276 982 3348 782,
1001 3298 1061 3360 quo
1073 3279 1248 3360 Hesperiam

104 3381 141 3442 ad
153 3381 296 3462 Thybrim
309 3381 429 3444 fluvium
443 3382 576 3462 quamvis
587 3389 656 3461 post
670 3380 756 3459 longa
774 3379 860 3442 exitia
876 3387 1034 3444 venturum
1051 3399 1117 3443 esse
1129 3385 1247 3446 Aenean

103 3485 251 3564 promittit
262 3485 376 3547 marito.
402 3484 487 3556 Quod
499 3491 737 3572 persequentem
749 3481 859 3545 tibrum
871 3481 1247 3564 itanegtegereVergitium

104 3585 311 3648 anhnadrertit
334 3584 466 3646 Conrads
488 3606 517 3666 p.
542 3586 601 3663 vit,
626 3594 657 3647 ut
676 3588 795 3648 ,766666
819 3587 909 3664 tingat
930 3585 1067 3662 ignarum
1091 3588 1168 3667 ‘quo
1191 3589 1248 3650 iata

104 3689 210 3758 ierant,
244 3687 296 3750 ubi
319 3689 424 3748 sistere
447 3688 551 3750 detur’
575 3689 609 3768 (v.
635 3687 663 3767 7)
687 3697 717 3750 67
739 3692 931 3768 quaerentem
955 3706 990 3749 ex
1013 3688 1148 3768 Apotline
1171 3693 1248 3771 ‘quo

107 3793 150 3852 ire
173 3790 278 3852 iubes?
308 3790 359 3850 ubi
381 3808 494 3870 ponere
522 3789 644 3852 sedesi’
668 3787 729 3870 (88)
759 3789 839 3851 66776
868 3791 1001 3870 coniugis
1030 3791 1104 3853 iacta
1133 3773 1246 3854 memo·

104 3894 156 3953 ria.
194 3892 287 3953 Immo
304 3891 420 3954 Cretam
433 3900 545 3972 petunt,
562 3892 670 3955 (7676(76
680 3899 766 3973 patre
777 3891 916 3954 hortante
926 3911 1032 3955 rursus
1044 3894 1080 3954 ad
1092 3894 1245 3958 oraculum

103 3992 216 4055 Phoebi
243 3992 370 4056 redeunt
392 3996 608 4074 interrogatum
636 3999 714 4076 ‘quo
737 4003 854 4057 vertere
877 3998 1000 4057 cursus’
1029 3996 1130 4058 iubeat
1151 3994 1245 4077 (146).

104 4095 165 4157 1766
198 4103 249 4159 667
281 4105 421 4177 penates,
455 4098 505 4176 qui
538 4116 592 4178 per
625 4089 771 4159 somnium
799 4099 918 4158 Aenean
948 4097 1123 4177 Hesperiam
1157 4099 1245 4162 sedes

104 4217 170 4262 esse
193 4200 253 4260 7676
276 4198 439 4260 (7667766766
462 4198 570 4262 (766667
593 4198 628 4278 (r.
654 4198 734 4280 163),
758 4207 809 4262 667
831 4219 899 4261 mox
921 4200 1074 4270 Anchises,
1098 4200 1150 4264 ubi
1172 4201 1246 4264 haee

105 4303 260 4363 confirmat
281 4301 341 4363 77776
370 4301 473 4363 dicens
502 4302 583 4370 ‘sola
610 4303 683 4364 mihi
711 4301 777 4364 76776
804 4321 891 4364 66666
914 4302 1077 4365 Cassandra
1105 4302 1246 4365 canebat'

104 4401 185 4485 (183)
214 4424 240 4464 6.
270 4423 298 4484 q.
328 4424 352 4467 s.
383 4405 511 4467 Creusae
540 4407 715 4467 memoriam
742 4405 801 4468 irtio
829 4414 981 4467 renovant.
1008 4433 1010 4440 v
1033 4405 1090 4466 Sed
1122 4405 1245 4468 edoctus
