2986 4904
706 333 951 378 PnounttotfflrtA.

348 509 486 570 convenit
507 505 655 568 Anchisen
678 504 796 583 penitus
818 499 952 562 convalle
975 499 1082 560 virenti
1111 487 1116 500 ’

347 609 560 687 cognoscitque
582 625 664 666 suam
687 603 803 685 prolem
826 610 1009 663 monstrante
1031 607 1164 679 parente.

347 713 421 772 haec
443 709 494 769 ubi
516 708 666 789 percepit,
691 705 825 784 graditur
847 704 1029 781 classemque
1051 701 1161 762 revisit
1370 697 1409 760 10

801 889 859 952 Vll.

348 1068 400 1127 llic
424 1081 542 1144 quoque
565 1063 695 1124 Caietam
717 1059 837 1139 sepelit,
861 1067 923 1118 tum
946 1056 1053 1117 deinde
1075 1057 1227 1136 protectus

348 1168 529 1227 Laurentum
552 1164 643 1230 veuit;
669 1162 745 1220 hanc
768 1158 866 1220 verbis
889 1160 1040 1236 cognoscit
1062 1158 1118 1219 luli

348 1249 467 1327 latalem
489 1273 615 1325 terram:
639 1264 769 1322 ‘mensis
792 1279 829 1321 en
852 1261 1018 1321 vescimur'
1041 1260 1145 1339 inquit.

349 1375 468 1427 centum
492 1371 625 1425 oratores
647 1381 751 1443 pacem
772 1363 947 1438 veniamque
969 1367 1105 1440 petentes

349 1468 384 1528 ad
408 1484 510 1545 regem
533 1466 623 1526 mittit
644 1465 720 1524 Latii
742 1470 803 1523 tum
826 1463 904 1524 torte
926 1461 1079 1530 Latinum,

350 1570 400 1648 qui
424 1585 491 1627 cum
513 1585 587 1646 pace
610 1567 700 1626 etiam
722 1571 809 1625 natae
831 1563 958 1625 conubia
980 1569 1095 1642 pactus.

350 1670 423 1730 haec
445 1669 521 1730 iuria
543 1666 656 1727 Allecto
679 1667 800 1726 lunonis
822 1665 945 1744 dissipat
967 1664 1025 1724 ira:

349 1777 533 1831 concurrunt
556 1767 656 1836 dictis,
680 1769 813 1846 quamvis
834 1768 881 1846 pia
904 1767 962 1826 sata
984 1773 1161 1842 repugnent.

350 1869 420 1930 belli
443 1888 530 1929 causa
553 1868 608 1929 tuit
632 1867 756 1928 viciatus
779 1867 901 1928 vulnere
924 1883 1038 1926 cervus.

353 1979 412 2031 tum
436 1978 540 2048 gentes
563 1971 661 2031 sociae
683 1987 764 2029 arma
787 1975 908 2047 parant,
934 1967 1034 2026 tremit
1055 1984 1135 2027 arma
1159 1967 1303 2025 iuventus.
1372 1961 1411 2024 10

799 2153 873 2213 Vlll.

350 2327 405 2387 Dat
427 2324 500 2386 belli
522 2326 639 2401 signum
662 2322 803 2383 Laurenti
825 2321 945 2382 Turnus
967 2320 1004 2382 ab
1026 2339 1110 2390 arce,

240 2501 243 2506 Ι
350 2429 476 2488 mittitur
501 2434 531 2486 et
552 2426 652 2502 magni
674 2422 802 2485 Venulus
824 2421 974 2484 Diomedis
997 2421 1033 2482 ad
1054 2421 1176 2492 urbem,

351 2531 402 2605 qui
423 2533 505 2606 petat
527 2524 667 2586 auxilium
690 2532 719 2585 et
741 2525 846 2585 doceat
868 2541 945 2601 quae
967 2541 1053 2584 causa
1076 2523 1205 2602 petendi.

351 2630 465 2689 Aeneas
488 2627 586 2688 clivum
610 2627 730 2687 monitis
752 2625 812 2686 adit
833 2624 947 2686 Arcada
969 2643 1072 2703 regern

352 2729 524 2791 Euandrum
547 2726 671 2788 Arcadia
694 2728 866 2805 profugum,
890 2745 964 2786 nova
987 2743 1079 2804 regna
1101 2733 1261 2805 petentem.
1391 2725 1411 2788 5

336 2933 415 2983 discit
432 2931 465 2996 γὸ
483 2928 563 2981 disc&
581 2945 604 2992 e,
624 2929 729 2981 Mentel.
816 2928 832 2977 8
850 2875 960 2978 cllhisen
978 2929 993 2978 li
1080 2931 1191 2995 penitus
1213 2931 1342 2980 connclle
1360 2934 1412 2980 lut

270 3017 336 3067 Aen.
355 3017 394 3067 Vl
412 3016 462 3064 ets
488 3009 1000 3078 PENITVS·Q·1NVALLE·Rytc
1026 3013 1136 3079 penitus
1162 3015 1191 3062 in
1217 3013 1293 3066 uelle
1319 3023 1344 3079 ψ

267 3097 485 3152 caenosum
501 3098 596 3162 Rydcu
681 3099 879 3146 monstrantur
908 3091 1104 3162 monstretur
1139 3097 1336 3150 mannam
1355 3101 1411 3167 ayt

342 3187 459 3250 parente
488 3199 505 3248 γ
538 3177 657 3247 parentii
685 3195 699 3229 c
801 3183 833 3230 10
863 3180 973 3246 lociclq.
1007 3179 1103 3233 reuisrt
1131 3197 1185 3248 γοω
1218 3190 1247 3233 ut
1275 3183 1342 3236 Aen.
1373 3185 1412 3236 VI

267 3273 317 3323 899
402 3268 463 3321 VII¹
506 3266 609 3315 Extant
642 3266 669 3314 in
692 3264 765 3328 Rytt.
849 3267 862 3313 l
893 3263 1058 3315 SEPELIT·
1084 3266 1172 3316 TVM·
1202 3267 1242 3332 ily
1265 3267 1367 3318 tumult
1395 3273 1412 3326 1,

266 3357 332 3405 unde
351 3353 454 3404 tumulo
473 3349 521 3400 dul
538 3350 571 3399 L.
590 3349 700 3398 Mueller
769 3350 785 3396 2
803 3348 971 3400 Laurentum
989 3354 998 3400 l
1015 3350 1277 3413 uthuNTvntQ·
1298 3352 1355 3417 ayt

301 3439 374 3488 hunc
392 3450 457 3498 omn
477 3449 510 3484 ac
529 3434 560 3486 L.
580 3432 691 3482 Mueller
772 3429 959 3484 COGNOVI'I'
977 3435 1024 3498 Ru
1104 3435 1187 3485 SEN
1205 3435 1245 3500 ily
1263 3437 1319 3486 ium
1337 3437 1363 3486 bl

268 3517 673 3594 onnTTVNT·LAET1ny
742 3520 836 3566 tunct
903 3516 1021 3570 SORTE
1041 3521 1081 3585 cy
1155 3521 1289 3585 ductor
1314 3520 1412 3572 NATA

268 3608 291 3657 n
342 3603 498 3656 checL.
513 3603 622 3653 Mueller
639 3601 694 3651 Hic
712 3605 729 3664 l,
752 3601 816 3650 Ven.
836 3599 911 3652 HOC
929 3603 1009 3668 Hylam
1061 3603 1135 3653 istrie
1153 3605 1175 3662 b,
1194 3605 1226 3654 L.
1240 3604 1352 3656 Mueller
1371 3606 1412 3655 su·

269 3693 339 3741 rium
357 3692 366 3738 l
383 3687 506 3737 Fortun
525 3689 572 3749 ily,
595 3688 660 3738 Veu.
734 3684 843 3736 dil'trnit
860 3689 870 3736 l
887 3686 1005 3738 destruit
1022 3689 1055 3740 L.
1075 3688 1199 3738 Mueller:
1221 3691 1255 3750 cs.
1274 3691 1341 3740 Aen.
1360 3691 1413 3740 VH

270 3777 319 3826 339
347 3770 465 3837 (dissice
493 3771 671 3836 compositum
698 3768 805 3835 pacem)
891 3771 983 3822 IRAM
1000 3773 1040 3836 liu
1126 3774 1143 3822 8
1166 3771 1412 3824 CONCVRRVNT

269 3923 392 3976 DICTIS
410 3923 474 3990 layo,
491 3930 519 3972 ut
537 3922 576 3971 XI
592 3921 617 3974 8.
636 3921 695 3972 Rex
715 3921 790 3971 cedit
808 3923 914 3973 iuriisl
969 3927 1036 3974 volu
1047 3923 1079 3973 L.
1092 3923 1202 3974 Mueller
1257 3875 1415 3989 repugntlnt

270 4025 287 4074 γ
356 4010 388 4058 10
406 4009 488 4057 Arma
506 4007 600 4056 ferunt
617 4011 714 4070 gentes
733 4007 810 4056 socie
824 4006 873 4056 dat
885 4005 959 4057 bella
971 4007 1102 4058 iuventus
1120 4011 1136 4067 l,
1154 4009 1180 4057 iu
1199 4008 1287 4074 quidus
1305 4009 1413 4059 sociatu

270 4093 307 4144 ed
324 4094 431 4144 coniecit
449 4092 480 4141 L.
499 4091 617 4140 Mueller.
657 4093 705 4140 sed
721 4093 805 4140 nescio
827 4109 861 4140 cn
883 4095 981 4158 gentes
1005 4093 1098 4142 sociae
1121 4094 1298 4157 contuendum
1315 4095 1363 4158 sit,
1387 4101 1412 4141 ut

272 4183 346 4230 etiam
371 4180 397 4226 in
419 4175 561 4225 Burmanni
585 4174 657 4224 libris
682 4175 794 4225 omnibus
819 4183 900 4226 extat.
980 4177 1056 4228 VIII.
1102 4177 1204 4228 Extant
1221 4179 1247 4226 iu
1265 4177 1348 4241 llydcl

274 4260 443 4312 ebulliit
510 4259 658 4310 dmonitis
673 4259 697 4324 (l
711 4263 737 4310 in
754 4257 819 4322 rae.)
838 4260 853 4309 d
871 4263 1002 4329 monit’y
1020 4261 1163 4314 MONITV
1181 4261 1229 4312 llel
1296 4261 1365 4312 adut
1383 4261 1413 4311 d!

340 4344 461 4395 archado
479 4343 509 4393 be
526 4343 627 4394 arcade
645 4348 655 4395 t
739 4349 754 4394 b
773 4345 886 4397 arcadia
904 4349 913 4396 l
928 4345 1114 4398 ducamen
1134 4347 1197 4412 Ιίγψ
1216 4345 1366 4397 archadius
1384 4347 1413 4395 de
