2956 4906
239 325 302 391 206
688 346 932 390 rnonuuouaus.

324 514 366 576 Ad
390 517 502 577 Iulium
524 515 707 589 Romanum,
741 516 792 592 qui
813 514 897 576 im'tio
919 513 1000 574 tertii
1021 531 1051 592 p.
1073 512 1143 575 Ghr.
1172 511 1283 574 saeculi
1305 513 1387 583 vixit.

240 617 339 678 redire
361 617 480 677 videtur
502 616 581 695 qrrod
596 620 668 678 Aen.
692 615 704 675 l
727 612 789 677 703
812 615 1129 695 ‘lonpumpenum’
1153 616 1296 694 scriptum
1320 632 1390 676 esse

242 718 388 788 adfirmat,
413 737 480 779 cum
502 719 594 794 Iunco
617 726 646 778 et
668 719 762 779 nostri
785 716 854 778 libri
876 734 980 778 omnes
1003 716 1162 778 exhibeant
1184 725 1214 778 et
1230 716 1321 778 luisse
1337 719 1389 794 qui

241 821 429 901 praeferrent
452 818 566 880 Gellius
588 827 700 882 narret.
750 818 832 880 idem
861 825 960 898 potest
987 821 1071 880 testis
1093 837 1158 880 esse
1181 827 1304 880 auctore
1326 818 1387 880 lor·

241 933 319 984 tasse
334 921 431 984 Plinio
453 923 658 999 genetirorum
680 923 828 984 Achilli
849 930 877 982 et
902 923 1019 983 Ulixi.
1051 922 1219 993 Praeterea,
1242 921 1300 982 nisi
1316 921 1387 1001 quid

240 1027 304 1104 ipse
339 1024 491 1086 Charisius
524 1025 732 1093 intermiscuit,
767 1031 869 1084 tuetur
898 1023 1031 1084 Latinam
1065 1025 1226 1085 accusativi
1260 1024 1388 1084 iurmam

239 1129 343 1188 Parim
368 1125 409 1202 (ut
431 1126 501 1185 irim
526 1134 556 1186 et
577 1126 701 1206 Tigrim)
723 1128 797 1186 Aen.
821 1125 846 1186 Χ
869 1121 946 1200 705,
977 1126 1024 1186 cui
1048 1124 1190 1187 Graecam
1220 1125 1316 1186 nostri
1338 1143 1388 1185 co·

240 1231 322 1290 dices
345 1228 537 1290 substituunt.
582 1225 640 1288 Sed
664 1229 688 1289 si
711 1229 775 1307 ipse
797 1227 870 1305 legit
891 1230 963 1288 Aen.
988 1226 1014 1287 ll
1038 1223 1080 1289 90
1107 1228 1186 1307 quod
1210 1226 1289 1308 apud
1313 1224 1388 1287 Gha-

240 1333 344 1394 risium
362 1339 408 1392 est
425 1329 555 1404 fallacis
571 1330 614 1408 (ut
629 1325 810 1408 Pylcib2m)
833 1347 889 1408 pro
907 1332 1091 1405 pellacis,
1116 1328 1296 1409 interpolato
1315 1346 1389 1389 usus

240 1441 287 1494 est
309 1432 419 1496 codice.
475 1432 512 1492 Et
534 1432 662 1510 turpiter
684 1427 804 1491 delusus
827 1437 872 1491 est
893 1431 1023 1509 pessima
1046 1431 1200 1510 scriptura·
1216 1433 1306 1492 tertio
1333 1448 1389 1510 pro

240 1539 361 1597 tertia
392 1538 463 1596 Aen.
488 1533 528 1593 lll
556 1529 612 1603 37,
647 1549 704 1611 qua
737 1540 906 1618 nostrorum
940 1531 1085 1594 librorum
1121 1532 1220 1594 nullus
1252 1533 1389 1610 inquina-

241 1645 288 1698 tus
311 1645 364 1698 est.
813 1623 817 1632 ⁹

325 1740 497 1806 Palaemon,
521 1755 580 1798 non
602 1736 755 1797 Remmius
777 1735 836 1807 ille,
861 1737 913 1797 sed
937 1736 1039 1798 Gallus
1062 1737 1160 1817 quarti
1182 1754 1210 1815 p.
1229 1735 1298 1798 Chr.
1323 1753 1388 1796 sae·

240 1841 299 1903 cuii
321 1840 426 1902 rhetor
448 1847 477 1900 et
499 1840 711 1918 grammaticus
734 1837 780 1916 (cl.
798 1838 1030 1900 Schottmueller
1050 1835 1092 1899 26
1108 1839 1196 1917 squ),
1220 1855 1327 1898 rereor
1351 1855 1390 1897 ne

239 1942 422 2023 interpolato
445 1942 541 2002 codici
563 1941 724 2002 crediderit
751 1940 830 2020 quod
853 1942 924 2001 Aen.
949 1940 987 2001 lx
1011 1936 1074 2002 764
1094 1948 1198 2016 terem
1220 1959 1235 2000 a
1258 1937 1390 2016 Vergilio

242 2046 386 2124 scriptum
403 2062 470 2106 esse
485 2042 641 2114 adseverat
663 2043 710 2118 (ci.
728 2041 958 2104 Schottmueller
972 2040 993 2103 1.
1009 2041 1028 2102 l.
1045 2039 1107 2118 21).
1132 2041 1270 2102 Eiusdem
1286 2039 1389 2117 negle-

240 2149 337 2226 gentia
368 2153 413 2208 est
439 2145 518 2226 quod
542 2163 576 2205 ex
598 2147 671 2206 Aen.
695 2143 744 2205 Vll
759 2141 822 2206 453
842 2147 980 2206 incertum
1004 2163 1060 2223 pro
1080 2161 1206 2219 recum
1232 2143 1390 2219 excerpsit.

326 2250 519 2310 dominianus
534 2263 653 2326 quoque
668 2244 778 2306 malum
792 2245 1075 2326 interpolamentum
1091 2249 1122 2308 io
1137 2247 1351 2308 carceream.
1369 2243 1391 2302 V

244 2347 305 2412 147
328 2370 384 2432 pro
407 2351 535 2428 genuina
558 2349 702 2409 memoria
724 2339 843 2419 habuit,
874 2367 950 2428 quae
972 2351 1036 2410 sine
1059 2347 1152 2409 dubio
1175 2333 1220 2408 est
1247 2349 1281 2407 ia
1304 2363 1390 2406 cer·

240 2454 348 2513 berc.
396 2451 447 2531 (Gi.
472 2470 497 2510 r.
524 2445 605 2530 145.)

328 2551 521 2615 Commendat
536 2555 694 2613 Diomedes
707 2553 780 2614 den.
796 2551 834 2612 lx
853 2548 914 2613 109
930 2552 1008 2632 quod
1025 2554 1055 2613 in
1079 2550 1160 2613 nullo
1184 2550 1287 2612 codice
1310 2556 1392 2611 extat

240 2672 362 2725 sacres,
397 2654 447 2716 sed
482 2657 522 2715 ita
552 2661 584 2716 ut
605 2660 746 2734 appareat
769 2671 836 2714 eum
866 2656 1036 2716 coniectura
1065 2655 1173 2715 mutari
1208 2652 1282 2712 velle
1310 2651 1391 2730 quod

242 2756 383 2818 traditum
408 2758 445 2818 sit
471 2759 612 2831 sacris,
643 2755 722 2834 quod
750 2761 849 2816 tamen
878 2775 953 2836 opus
975 2757 1097 2816 minime
1119 2756 1184 2817 luit.
1234 2754 1327 2814 Etiam
1352 2753 1392 2814 lX

244 2855 306 2919 144
327 2867 448 2920 secutus
471 2866 517 2921 est
538 2859 716 2937 scripturam
740 2875 780 2918 un
802 2874 861 2917 aco
884 2876 900 2918 a
923 2858 1034 2918 nostris
1056 2854 1290 2936 exemplaribus,
1314 2873 1392 2934 quae

242 2970 281 3021 at
303 2978 377 3022 ooo
400 2960 520 3031 habent,
545 2959 680 3029 alienam,
705 2959 756 3020 sed
781 2966 878 3020 tamen
895 2960 999 3022 Servio
1019 2974 1136 3039 quoque
1158 2965 1259 3018 uotam
1276 2963 1306 3017 et
1320 2975 1393 3037 pro·

242 3061 349 3123 batam.

264 3205 276 3226 -.
328 3164 508 3245 Conspirant
523 3163 674 3226 Charisius
698 3171 727 3223 et
742 3162 901 3225 Diomedes
923 3165 954 3225 in
970 3162 1120 3224 deteriore
1136 3161 1262 3223 lectione
1277 3178 1395 3237 mayoc
1422 3209 1428 3220 ,

245 3285 301 3347 pro
324 3284 486 3343 mcqouc
518 3268 590 3328 deu.
614 3265 668 3326 llll
693 3263 753 3327 168
776 3283 843 3326 cum
866 3284 888 3344 γ
911 3266 958 3342 (ci.
982 3264 1122 3344 Servius).

332 3368 485 3430 Diomedis
507 3375 606 3430 textus
628 3366 757 3429 reditio
780 3385 799 3444 χ
821 3369 893 3428 rien.
911 3366 959 3427 Vll
978 3364 1037 3428 171
1053 3367 1153 3426 media
1168 3383 1223 3445 pro
1245 3381 1392 3426 summa.

330 3470 481 3532 Diversam
505 3489 521 3532 a
544 3471 655 3532 uostris
677 3467 828 3530 codicibus
851 3469 1024 3530 memorium
1048 3467 1124 3547 apud
1148 3465 1311 3529 Charisium
1336 3465 1397 3526 hoc

240 3573 307 3634 locu
329 3571 437 3633 hahes:

390 3657 393 3664 ¹
443 3676 520 3735 Aen.
545 3672 581 3733 Vl
605 3669 667 3734 760
689 3676 822 3734 iuuenem
846 3671 921 3734 male
944 3692 1000 3753 pro
1023 3673 1180 3733 iuvenis.

331 3777 406 3839 Gum
429 3774 517 3837 simili
540 3774 606 3836 loco
629 3777 826 3836 contaminata
849 3774 925 3854 apud
950 3774 1075 3836 eundem

500 3879 573 3938 aen.
598 3876 636 3937 lli
658 3873 721 3938 358
742 3881 839 3954 pictos
860 3895 915 3956 pro
932 3877 1134 3954 pulchros,

249 3980 327 4060 apud
350 3980 522 4042 Diomedem

497 4087 570 4142 Aen.
608 4081 633 4140 Χ
658 4077 719 4142 149
741 4083 891 4157 decusque
911 4099 967 4160 pro
987 4097 1184 4157 penusque.

330 4183 375 4244 Ex
397 4184 642 4262 interpretatione
665 4190 727 4244 orta
751 4183 828 4262 apud
851 4181 1034 4250 Charisiuma

394 4289 466 4347 Aen.
490 4284 515 4345 ll
539 4281 600 4346 108
623 4287 741 4346 coluere
762 4303 818 4364 pro
840 4287 1012 4361 cupiere:
1034 4283 1072 4345 cl.
1096 4283 1218 4344 Servius

423 4418 435 4432 ·
491 4385 517 4448 X
540 4383 603 4448 875
623 4394 747 4450 sanctus
769 4393 800 4446 et
821 4403 951 4461 maanus
971 4405 1028 4466 pro
1049 4389 1158 4447 altus.
