2970 4896
248 301 312 368 312
696 325 942 394 asoosoouauu.

336 491 432 554 ltarae
455 499 609 572 praeterea
633 494 822 554 coniecturae
844 495 876 554 in
892 495 921 554 P
945 495 1144 573 reperiuntur,
1168 512 1297 574 quorum
1318 495 1399 576 apud

251 600 500 654 commentatores
522 596 660 671 antiquos
682 594 759 655 desit
781 596 940 656 memoria:
972 594 1026 656 ccl.
1049 594 1089 656 lx
1111 591 1131 656 9
1154 597 1302 659 veteres
1324 601 1399 658 iam

244 696 380 768 sraela
411 699 610 757 cacumina
646 691 780 777 sagos]
816 699 923 758 veteru
956 729 991 740 —
1024 697 1114 772 sagi:
1149 713 1196 774 ge.
1228 694 1308 759 160
1340 702 1398 759 ut·

248 803 374 872 terno,
411 796 490 876 quod
514 795 583 857 olim
613 805 737 876 propter
758 793 801 858 54
822 813 886 874 sqq.
911 795 976 858 coll.
1002 793 1051 858 il.
1077 793 1118 858 79
1139 797 1280 876 probavi:
1316 817 1398 861 nuuc

192 962 196 970 ,
249 889 347 958 tamen
375 897 514 977 praefero
543 898 619 976 quod
651 896 813 978 simplicius
836 906 882 958 est
903 907 1031 960 aeterna
1056 899 1139 976 (MR)
1168 898 1235 960 coll.
1259 904 1334 962 Aeo.
1359 901 1398 962 lll

247 995 310 1060 356
352 997 404 1058 llll
435 995 509 1068 191;
564 1001 636 1059 Aeo.
667 995 779 1061 11383
811 999 1064 1074 circumfodimus
1102 1001 1397 1076 (circumfundi-

247 1117 327 1160 mur
354 1097 402 1177 M)
442 1098 504 1160 Vlll
529 1096 591 1160 140
617 1101 717 1160 auditi
736 1101 764 1162 si
784 1104 944 1178 quicquam
972 1102 1097 1162 meditus
1129 1098 1254 1164 1X375
1283 1119 1398 1178 aggere

183 1223 185 1228 ¹
247 1197 309 1262 471
338 1196 480 1264 videbant
527 1195 588 1261 782
615 1217 730 1276 quaeve
774 1197 886 1263 ll863
913 1203 1048 1263 dolorem
1084 1199 1137 1262 llll
1160 1197 1223 1264 788
1250 1206 1396 1278 animum,

248 1319 372 1381 quarum
394 1319 471 1381 pars
491 1303 530 1363 ita
554 1309 722 1381 comparata
745 1310 799 1373 est,
823 1309 856 1363 ut
878 1321 949 1363 num
972 1301 1162 1382 recipiendae
1184 1304 1244 1364 sint
1266 1303 1399 1367 dubitari

248 1403 356 1465 merito
377 1403 481 1482 possit.

332 1528 614 1618 Interpolationibus
637 1538 757 1618 quidem
780 1546 810 1598 et
831 1537 1017 1616 glossematis
1040 1557 1079 1600 ne
1101 1535 1251 1602 Palatinos
1275 1539 1398 1619 quidem

249 1645 339 1707 caret,
363 1656 541 1717 quamquam
565 1639 658 1699 molto
686 1641 782 1701 rarius
811 1657 898 1718 quam
927 1641 1034 1709 ceteri,
1069 1638 1222 1701 Romanus
1256 1643 1397 1709 maxime,

248 1741 419 1819 inquinatus
443 1746 497 1800 est.
542 1739 761 1819 Turpissimum
784 1739 856 1800 illud
873 1741 943 1800 Aen.
967 1740 1006 1801 lll
1030 1737 1091 1801 661
1116 1744 1173 1802 ‘de
1193 1745 1273 1803 collo
1292 1746 1399 1816 fistula

245 1841 395 1916 pendee’,
426 1859 486 1919 quo
509 1849 591 1902 certe
614 1843 678 1902 FM
708 1838 796 1902 liberi
818 1849 896 1910 sunt,
931 1857 1108 1920 quamquam
1131 1840 1240 1919 legisse
1263 1841 1399 1904 hemisti-

249 1939 348 2001 chium
381 1941 557 2002 schedarum
587 1943 794 2003 Vaticanarum
823 1959 941 2021 quoque
975 1939 1116 2002 librarius
1144 1942 1269 2022 videtur.
1324 1944 1399 2005 item

249 2041 374 2103 interior
396 2041 528 2103 llediceo
557 2051 603 2104 est
630 2041 710 2121 quod
738 2060 784 2126 ge:
809 2039 919 2103 11433
942 2041 1153 2122 interpolatum
1181 2045 1301 2106 cumR
1330 2064 1400 2124 par·

250 2143 365 2221 ticipat3
390 2143 490 2204 delicit
510 2142 561 2204 illc
582 2144 612 2203 in
637 2142 691 2203 ecl.
709 2145 731 2203 V
753 2140 805 2213 49,
829 2160 918 2220 quem
941 2141 1053 2204 habent
1068 2145 1131 2219 PB,
1155 2143 1208 2204 sed
1232 2143 1289 2205 ccl.
1305 2143 1334 2205 x
1351 2143 1399 2216 lt,

250 2259 339 2320 quem
362 2245 445 2314 eieci,
470 2251 550 2306 extat
571 2245 602 2305 iu
625 2245 722 2306 MPR.

336 2379 378 2440 Ex
401 2379 588 2456 glossematis
609 2382 641 2440 in
664 2379 797 2441 Palatino
820 2397 939 2459 quoque
962 2379 1074 2441 nullum
1099 2381 1287 2459 frequentius
1309 2399 1400 2460 quam

250 2478 329 2558 quod
358 2481 499 2559 ascriptis
527 2479 652 2540 aliorum
683 2479 815 2540 locorum
846 2480 945 2558 aliquo
974 2481 1063 2541 modo
1091 2478 1229 2541 similium
1254 2481 1402 2561 exemplis

175 2639 176 2642 ,
252 2586 354 2639 uatum
383 2587 438 2640 cst.
493 2579 639 2642 indicium
672 2585 777 2642 eorum
807 2581 931 2660 singulis
961 2581 1096 2643 versibus
1122 2583 1153 2640 in
1181 2585 1401 2644 commentario

251 2681 354 2740 critico
377 2681 449 2750 leci,
483 2689 516 2741 ut
545 2684 648 2762 paucis
676 2683 725 2742 liic
752 2682 874 2760 delungi
901 2684 1023 2763 possim.
1079 2680 1220 2761 Exempla
1243 2689 1346 2744 autem
1368 2703 1401 2745 ca

252 2780 337 2860 elegi,
362 2780 412 2841 ubi
433 2783 555 2862 propria
577 2781 710 2844 Palatino
732 2782 910 2862 glossemata
935 2790 1019 2844 sunt:

294 2949 348 3011 ecl.
400 2950 411 3010 l
447 2947 489 3012 38
510 2882 624 3012 1181818118
648 2950 709 3029 (uhi
725 2969 761 3012 ex
776 2969 803 3012 u.
822 2949 861 3013 18
876 2950 1000 3013 inlatum
1023 2952 1118 3027 nobis,
1143 2969 1246 3013 verum
1264 2957 1398 3030 pinus,

444 3099 445 3102 ,
500 3051 582 3114 unde
609 3052 733 3113 discitur
770 3055 800 3114 in
829 3052 989 3134 archetypo
1017 3051 1142 3114 Palatini
1175 3055 1218 3114 sic
1253 3057 1401 3135 scriptum

501 3223 593 3282 luisse
619 3151 745 3292 88818ιέ
784 3230 814 3284 et
845 3223 1020 3302 saepissime
1048 3222 1079 3282 in
1108 3221 1247 3283 omnibus
1276 3223 1402 3302 Vergilii

501 3321 653 3384 codicibus
675 3341 711 3384 eo
733 3331 896 3402 peccatum,
921 3322 1000 3404 quod
1022 3323 1059 3384 ab
1082 3325 1247 3402 interprete
1270 3327 1403 3405 ascripta

503 3431 651 3502 tamquam
674 3431 780 3502 poetae
813 3423 902 3485 verba
935 3427 966 3486 in
997 3433 1109 3486 textum
1131 3423 1223 3484 inlata
1247 3435 1330 3486 sunt.
1381 3431 1404 3490 t

503 3532 673 3585 correctore
695 3531 799 3604 postea
830 3543 899 3586 vcra
928 3527 1075 3606 scriptura
1105 3524 1150 3586 vel
1178 3526 1326 3592 mutando
1355 3547 1403 3590 re·

503 3626 603 3686 stituta
628 3625 671 3685 vol
695 3625 904 3705 supraposita).

252 3761 297 3821 ge.
336 3743 373 3804 lll
441 3739 480 3802 19
501 3737 693 3824 linquens]
715 3745 809 3819 pubes

261 3873 263 3876 ·
421 3840 481 3906 125
498 3848 634 3920 pecori
654 3880 695 3892 -
723 3841 917 3928 moritum]
942 3851 1064 3923 pecoris
1091 3880 1132 3891 --
1153 3851 1341 3923 moguir-um
1368 3853 1406 3912 ol.

505 3944 558 4007 ecl.
582 3945 621 4006 lll
646 3942 704 4006 101

418 4042 694 4132 tibarvalora

418 4143 861 4232 544desensoldepreoso
978 4193 983 4199 -

253 4248 401 4310 Aemilii
424 4245 486 4308 267
510 4248 645 4329 oblite]
670 4254 779 4325 ipnare

289 4383 300 4396 -
378 4345 846 4431 V280mooebot]serebot
