3038 4912
591 371 833 418 rnonncoueua.
1220 348 1279 422 141

138 540 198 600 mio
220 557 275 619 per
298 538 430 601 membra
454 543 626 619 soporem’,
656 558 716 601 non
731 548 778 600 «ut
799 540 994 620 persuaderet
1022 540 1050 598 ei
1073 547 1154 600 certe
1181 557 1281 618 gram·

139 642 246 702 matioo
280 641 358 702 unde
390 659 443 702 sua
473 635 623 703 Charisius
658 648 688 701 et
719 640 877 703 Diomedes
911 651 940 702 et
968 640 1108 703 Claudius
1136 640 1281 702 Sacerdos

139 744 406 822 transcripserunt,
441 744 491 822 qui
526 745 668 803 circuitus
700 743 824 821 liguram
855 742 1011 805 decentem
1039 761 1099 804 non
1129 745 1282 822 corrumpi

138 854 296 905 senserunt
319 845 424 908 tradita
447 846 608 922 inpoeteris
631 844 851 924 exemplaribus
873 847 1022 924 scriptura
1051 843 1182 919 infusus.
1240 847 1282 906 Ac

139 947 239 1006 nescio
262 965 299 1008 an
326 966 418 1026 pravo
441 947 564 1009 Cornuti
597 946 742 1027 exemplo,
777 949 827 1024 qui
861 946 1064 1008 membrorum
1099 947 1281 1008 mentionem

139 1049 236 1108 minus
258 1055 373 1111 cauum
396 1056 562 1119 notaverat,
593 1049 733 1112 seductus
764 1049 855 1110 luerit
889 1057 921 1109 ui
953 1047 1064 1111 nodum
1095 1047 1174 1125 quod
1201 1050 1282 1110 aiunt

140 1152 169 1209 iu
192 1151 291 1228 scirpo
314 1159 480 1228 quaereret.

139 1358 251 1414 aurus’
284 1356 356 1416 lien.
391 1355 442 1416 Vll
475 1351 538 1416 543
570 1373 673 1417 manca
707 1374 772 1416 esse
805 1362 835 1416 et
867 1354 989 1417 verbum
1022 1353 1169 1432 flagitare,
1205 1372 1280 1433 qnae

138 1462 170 1516 ut
206 1459 300 1534 Asper
337 1455 382 1519 bis
418 1464 538 1536 accepta
575 1459 794 1538 praepositione
838 1461 926 1538 ‘per’
970 1458 1183 1536 interpretatus
1225 1464 1279 1517 est.

82 1553 85 1559 '
138 1556 290 1636 Duplicem
323 1560 386 1638 ipse
419 1561 593 1621 memoriam
625 1562 697 1621 Aen.
733 1560 744 1620 l
776 1556 819 1620 44
851 1561 1022 1640 repperisse
1055 1558 1190 1629 videtur,
1231 1558 1281 1618 nbi

136 1679 191 1739 pro
219 1659 265 1722 bis
293 1660 395 1723 ‘illum
424 1663 609 1740 expirantem
636 1662 777 1724 transfixo
800 1670 928 1739 pectore
955 1660 1104 1722 llaurmas'
1133 1667 1163 1722 et
1189 1662 1279 1721 ‘tem-

132 1763 225 1838 pore'
254 1762 363 1841 legisse
392 1763 534 1834 traditur,
569 1765 648 1842 quod
677 1783 737 1825 uon
766 1764 873 1826 collato
903 1771 1015 1826 tantum
1043 1766 1114 1824 ileu.
1146 1762 1185 1822 ix
1217 1757 1280 1822 588

138 1861 312 1943 ‘liquefacto
334 1874 472 1944 temporo
493 1865 615 1945 plumbo
638 1866 767 1936 diffidit',
792 1865 844 1926 sed
866 1866 1008 1945 picturae,
1033 1867 1152 1942 quaein
1169 1863 1279 1944 templo

137 1966 256 2028 urdeau
279 1967 410 2038 extabat,
441 1966 577 2047 exemplo
607 1969 799 2029 confirmavit.

220 2070 399 2149 Ambiguum
412 2071 476 2131 eius
488 2069 525 2130 de
539 2069 603 2146 aliis
615 2085 733 2149 quoquc
744 2067 818 2130 locis
831 2076 894 2130 crat
906 2067 1057 2129 iudicium.
1075 2067 1148 2129 Nam
1160 2070 1185 2129 si
1197 2077 1279 2130 recte

136 2179 307 2250 corruptam
319 2171 413 2233 Servii
425 2171 643 2233 adnotationem
657 2169 809 2232 emendavi
817 2171 861 2246 *),
880 2173 953 2232 Aen.
966 2169 1005 2230 xi
1017 2167 1080 2232 566
1092 2173 1122 2231 iu
1135 2170 1183 2232 his
1195 2173 1279 2248 ‘gra-

138 2275 238 2332 mineo
251 2273 361 2335 donum
377 2273 493 2334 Triviae
516 2273 553 2335 de
575 2277 709 2350 caespite
732 2270 828 2333 rellit'
850 2280 899 2333 aut
921 2290 976 2352 pro
994 2273 1103 2352 'campo
1119 2275 1281 2353 caespitem

137 2373 246 2435 dietum
269 2382 320 2436 aut
341 2379 453 2437 cortice
475 2375 682 2454 corrigendum
706 2393 772 2436 esse
794 2376 904 2443 statuit,
929 2383 962 2436 ut
984 2373 1078 2436 ‘libro
1101 2382 1131 2435 et
1154 2374 1281 2436 silvestri

138 2475 244 2537 subere
260 2476 406 2538 clausam’
425 2476 552 2556 puellam
569 2497 593 2537 v.
610 2475 674 2539 554
687 2475 823 2556 legimus.
861 2475 1017 2556 Displicnit
1038 2476 1134 2546 eidem
1150 2479 1282 2555 quamvis

137 2579 284 2639 immerito
298 2583 371 2641 Aen.
388 2579 410 2638 V
426 2576 490 2641 432
512 2585 622 2655 ‘ceper
637 2578 819 2648 anhelitus’,
845 2581 894 2657 qui
911 2578 1019 2641 Entelli
1043 2580 1124 2641 senis
1138 2577 1283 2640 membris
1360 2611 1362 2625 =

137 2679 259 2760 quidam
283 2687 313 2741 et
335 2681 413 2742 mole
445 2680 577 2751 valentis,
608 2681 660 2743 sed
690 2683 737 2743 cul
760 2690 857 2743 temen
892 2681 995 2742 ‘tarda
1027 2684 1165 2744 trementi
1187 2700 1281 2761 genua

138 2782 256 2844 labant'
279 2791 362 2844 artus
388 2790 485 2844 uastos
507 2792 630 2864 quatere
653 2792 806 2853 narratur,
830 2783 1013 2844 corumodius
1035 2784 1113 2844 idern
1136 2784 1282 2862 quadrare

140 2886 217 2946 visus
239 2886 275 2946 ad
298 2887 392 2947 fessos
406 2885 501 2946 Turni
523 2895 615 2956 artus,
640 2887 688 2947 cui
711 2905 772 2946 non
794 2887 959 2966 ‘respirare
981 2889 1131 2966 potestas'
1154 2887 1226 2952 ben.
1243 2885 1283 2947 lX

138 2983 217 3056 814;
241 2995 270 3047 et
292 3007 357 3052 cum
382 2988 627 3050 consuetudinem
643 2986 838 3068 vergilianam
860 2987 967 3049 similia
989 2988 1122 3050 mutandi
1144 2987 1282 3050 observa-

140 3091 230 3158 verit,
258 3091 390 3152 lortasse
424 3091 453 3149 in
487 3093 590 3169 quinto
623 3089 699 3153 libro
732 3108 805 3152 acer
836 3099 991 3170 praestare
1025 3090 1170 3152 iudicavit.
1225 3090 1282 3152 ulii

136 3199 244 3251 contra
265 3193 365 3252 iuveni
388 3209 510 3270 aegrum
534 3190 696 3252 anhelitum
719 3193 819 3254 minus
842 3211 929 3272 quam
952 3193 1015 3254 seni
1039 3194 1197 3254 convenire
1213 3211 1281 3254 sen·

138 3292 301 3353 tientes·in
331 3313 410 3366 nono
444 3296 544 3374 potius
578 3293 656 3356 banc
689 3295 924 3356 emendationem
957 3293 1114 3356 admittere
1146 3293 1283 3356 volebant

140 3393 268 3471 (Servius
290 3398 362 3472 Aen.
387 3396 428 3458 lX
451 3393 534 3475 814).
580 3396 651 3458 illibi
674 3397 793 3476 quidem
816 3385 1008 3458 neutroloco
1032 3395 1192 3474 quidquam
1215 3415 1282 3458 esse

137 3499 364 3579 vituperandum
386 3498 512 3560 videtur.

222 3604 293 3662 ben.
324 3600 360 3662 Vl
391 3598 450 3663 177
482 3595 584 3663 dubito
619 3609 720 3663 utrum
753 3601 789 3662 de
824 3600 920 3664 verbis
952 3619 1071 3681 quoque
1099 3620 1137 3664 an
1159 3600 1196 3662 dc
1218 3601 1280 3663 sola

138 3704 283 3764 sententia
317 3690 549 3783 ‘requirendum
590 3703 687 3764 adbuc
721 3706 804 3764 esse’
844 3703 960 3766 dixerit.
1022 3703 1171 3766 [liberunt
1202 3706 1281 3766 enim

136 3803 204 3870 libri
242 3807 396 3885 scripturis
433 3807 593 3883 sepulchro
630 3814 660 3868 et
690 3807 864 3883 sepulchri,
903 3824 1029 3886 quarum
1063 3806 1113 3870 illa
1146 3824 1213 3869 cum
1250 3810 1280 3869 iu

137 3908 184 3986 Py
213 3915 243 3968 et
269 3927 285 3968 a
313 3927 402 3970 manu
422 3909 524 3988 priore
558 3910 589 3969 ni
622 3907 708 3969 lailor
741 3909 772 3968 in
803 3909 820 3967 b
854 3915 948 3977 extet,
978 3928 993 3969 a
1023 3907 1120 3970 Probo
1153 3910 1280 3972 fortasse

136 4011 289 4090 proposita
318 4017 372 4071 est.
425 4009 499 4071 Nam
527 4003 559 4072 ut
586 4011 643 4072 rite
678 4008 856 4090 sepeliretur
891 4009 934 4072 rel
969 4011 1150 4072 conderetur
1180 4011 1278 4092 sepul-

136 4181 438 4198 —e———v--—-

207 4266 236 4335 *)
256 4267 391 4320 ‘Probuse
414 4273 462 4320 aui
479 4269 574 4321 cortice
594 4273 642 4320 eut
658 4267 754 4336 cespite
773 4283 821 4336 pro
839 4255 949 4336 campo,
968 4249 1078 4322 sedicet
1095 4264 1166 4335 quod
1185 4281 1282 4336 cespes

138 4351 222 4416 gleba
243 4355 303 4406 sit.'
340 4356 371 4404 In
389 4355 517 4406 Parisino
531 4357 606 4418 'te-29,
625 4356 762 4420 quincius
781 4356 861 4408 lunius
880 4357 934 4407 ioci
953 4358 1031 4408 testis
1050 4363 1101 4418 est,
1119 4360 1215 4422 cespite
1232 4371 1281 4421 pro

138 4440 234 4487 cortice
253 4437 310 4502 legi
328 4439 422 4489 docuit
440 4440 472 4495 G.
492 4440 582 4504 Thilo,
602 4445 629 4489 et
648 4441 719 4506 apud
739 4441 853 4491 Lionem
870 4443 967 4506 cespite
986 4441 1096 4496 editum.
1156 4455 1194 4498 Q
1278 4469 1281 4478 ·

19 1237 23 1250 ’
104 1306 112 1317 ,
191 1297 193 1304 a
223 1251 280 1312 Sed
316 1252 402 1314 latuit
435 1255 612 1315 acerrimum
645 1255 780 1314 criticum
813 1252 887 1315 baec
922 1252 1020 1314 ‘caeli
1051 1267 1187 1313 convexo
1221 1269 1282 1330 per
1362 1275 1367 1287 ·

1369 2328 1390 2392 Ι

1356 2390 1393 2606 ,l
