3038 4912
250 323 290 389 76
695 341 942 388 eeouueouuuu.

247 511 309 576 283
340 513 531 592 ‘mediosque
555 513 667 588 sepum
690 515 820 576 tenuisse
846 530 901 591 per
922 513 1044 576 hostis’.
1095 514 1192 576 'l'euet
1213 515 1305 592 igitur
1327 533 1397 577 cur·

247 635 313 678 sum
336 617 386 695 qui
409 617 528 677 firmum
550 614 667 675 obtinet
689 624 720 675 et
740 617 941 697 persequitur.

330 720 391 779 lam
414 718 580 779 sententiae
602 715 738 778 habenda
762 724 807 779 est
828 721 914 787 ratio,
938 737 1014 798 quae
1036 725 1114 781 vetat
1143 737 1180 781 ne
1208 721 1391 798 ‘utromque

246 823 341 884 vium'
370 828 508 899 putemus
535 839 599 882 esse
623 819 750 901 Scyllam
777 828 807 882 et
828 819 1006 902 Charybdin.
1052 822 1184 895 Quarum
1214 831 1318 884 neutra
1348 824 1394 885 via

247 926 369 986 cumino
392 924 524 1004 qtranrrh
551 923 726 984 tenuissimo
757 925 862 984 mortis
890 923 1062 986 discrimine
1091 933 1152 996 est,
1186 925 1236 987 sed
1266 933 1395 1004 utreque

247 1046 328 1088 mors
352 1027 414 1105 ipsa
437 1025 611 1087 certissime.
651 1025 703 1084 Via
726 1025 845 1105 quidem
869 1043 927 1088 una
949 1028 1029 1088 iuter
1052 1034 1218 1108 utramque,
1243 1029 1318 1108 pari,
1343 1028 1395 1089 sed

247 1149 283 1190 eo
305 1130 428 1190 minimo
451 1127 488 1190 ab
511 1125 604 1188 altera
624 1134 697 1188 utra
711 1127 866 1188 intervallo
890 1131 1021 1190 seiuncta
1045 1129 1174 1207 ideoque
1202 1129 1393 1209 periculosis·

246 1233 320 1293 sima
353 1237 411 1302 est,
449 1247 524 1309 quae
557 1237 657 1291 tamen
690 1231 715 1290 si
747 1237 899 1301 teneatur,
933 1230 1021 1292 modo
1050 1251 1087 1293 ne
1116 1231 1199 1293 laeve
1234 1233 1395 1296 dexterave

246 1335 365 1396 aberret
387 1334 478 1402 navis,
503 1333 596 1410 possit
618 1339 681 1392 tuto
703 1335 848 1411 superari.
895 1334 999 1395 Patent
1020 1341 1119 1395 autem
1143 1336 1205 1396 viae
1228 1335 1304 1404 duae
1327 1335 1394 1406 hae,

248 1446 280 1499 ut
302 1444 353 1498 aut
374 1454 513 1515 prorsum
536 1442 587 1495 ant
609 1441 774 1496 retrorsum
798 1435 860 1496 vela
875 1435 961 1496 dent:
986 1455 1083 1516 neque
1100 1439 1179 1498 enim
1195 1436 1392 1499 dubitandum

247 1541 317 1620 (puin
341 1541 371 1600 in
394 1537 527 1598 diversas
549 1538 688 1615 regiones
711 1536 865 1598 discedere
888 1538 1037 1616 cogitandi
1052 1541 1121 1619 siut,
1144 1539 1196 1619 qui
1210 1542 1392 1619 praecipites

248 1642 343 1702 ventis
366 1639 504 1700 secundis
528 1638 588 1700 vela
613 1638 772 1700 intendunt
793 1636 865 1722 (682
885 1641 940 1718 sq.)
965 1643 1074 1721 quique
1096 1650 1178 1704 retro
1201 1640 1272 1702 dant
1293 1641 1393 1703 lintea.

247 1745 282 1805 br
297 1742 421 1804 adverso
445 1758 563 1820 quoque
588 1748 675 1802 vento
698 1740 832 1803 velorum
855 1742 1004 1820 quendam
1021 1763 1108 1806 usum
1124 1763 1190 1806 esse
1205 1745 1303 1806 sciunt
1320 1763 1394 1806 nau·
1466 1815 1475 1826 .

247 1847 372 1907 ticarum
396 1863 497 1905 rerum
521 1862 579 1904 non
605 1842 692 1924 plane
714 1845 854 1924 imperiti.
898 1847 987 1925 Atqui
1008 1854 1125 1908 Aeneae
1154 1848 1226 1908 socii
1253 1865 1395 1928 prorsum

247 1950 272 2009 si
295 1946 469 2032 pergebant,
493 1948 524 2007 in
540 1945 666 2028 Scyllam
690 1953 777 2027 elque
793 1945 962 2028 Charybdin
984 1947 1173 2017 incidebant;
1198 1951 1242 2010 sin
1267 1949 1395 2010 adverso

247 2060 334 2112 vento
363 2048 501 2110 redibant
528 2049 608 2110 unde
636 2055 792 2118 venerant,
821 2049 985 2111 verendum
1008 2059 1132 2112 eratne
1155 2051 1233 2113 ultro
1256 2053 1393 2132 citroque

246 2155 392 2231 navigare
407 2153 501 2212 coacti
516 2151 552 2212 ad
569 2151 728 2231 Cyelopum
749 2150 820 2212 litus
842 2151 1073 2232 adpellerentur.
1105 2153 1183 2232 Ergo
1206 2153 1243 2215 ab
1266 2162 1394 2233 utraque

246 2261 331 2336 parte
354 2253 446 2316 letum
470 2253 647 2322 minabatur,
671 2273 685 2314 a
710 2272 768 2333 quo
784 2255 867 2314 tenui
884 2253 1055 2316 discrimine
1072 2254 1298 2333 separabantur,
1323 2254 1395 2316 dum
1442 2237 1446 2244 ’

246 2359 324 2418 inter
346 2363 503 2436 utramque
527 2358 600 2416 viam
624 2357 731 2435 exiguo
753 2358 843 2418 maris
866 2357 1017 2436 spatiose
1040 2358 1237 2418 continerent.
1278 2356 1395 2429 Quibus

246 2461 275 2520 in
299 2459 442 2537 angustiis
464 2457 535 2519 dum
559 2467 729 2527 versantur,
759 2477 829 2520 eece
851 2459 964 2522 Boreas
993 2459 1079 2520 adest
1107 2461 1158 2536 qui
1186 2457 1318 2522 seeundo
1342 2458 1394 2520 lla-

247 2564 326 2623 ruine
349 2579 439 2622 naves
461 2559 616 2622 meridiem
639 2579 744 2622 versus
766 2561 854 2622 vehit.

331 2663 390 2725 Sed
413 2663 487 2724 haec
510 2682 546 2722 ex
569 2662 677 2723 tradito
693 2682 832 2724 versuum
850 2662 953 2724 ordine
970 2663 1035 2725 eliei
1052 2663 1133 2724 nullo
1150 2663 1237 2724 modo
1253 2671 1392 2741 possunt,

246 2764 386 2828 lacillime
409 2784 478 2828 vero
502 2765 699 2827 restituuntur
716 2767 902 2845 transpositis
918 2765 1034 2827 duobus
1049 2762 1112 2827 686
1128 2773 1158 2826 ct
1171 2761 1243 2833 685,
1268 2782 1394 2844 quorum

246 2870 325 2930 inum
347 2870 412 2947 ipse
436 2874 538 2947 poete,
569 2869 599 2928 ni
622 2866 724 2937 lallor,
754 2867 893 2930 secundis
920 2867 1000 2928 curis
1028 2868 1058 2928 in
1081 2867 1205 2928 schedas
1228 2865 1316 2946 paulo
1341 2885 1395 2928 ue·

246 2971 431 3050 glegentiore
454 2972 602 3049 scriptura
625 2973 802 3032 coniecerat.
834 2970 906 3030 Nam
923 2968 1086 3029 desiderari
1103 2970 1151 3029 hic
1174 2969 1295 3047 quidern
1313 2968 1394 3030 salvo

247 3091 339 3134 sensu
362 3077 469 3153 potest,
494 3073 661 3133 necessaria
685 3091 751 3133 esse
773 3070 887 3152 reliqua
909 3068 1152 3150 properetis?
1175 3073 1263 3132 ‘eece
1279 3075 1393 3132 autem’

246 3175 460 3254 Peerlkampus
492 3173 647 3235 intellexit.
703 3175 843 3236 Ceterum
876 3191 977 3234 rerum
1008 3181 1053 3233 est
1080 3172 1158 3252 quod
1181 3172 1395 3234 animadvertit

247 3277 379 3339 Conrads
402 3296 430 3356 p.
454 3276 521 3346 XX,
551 3277 639 3338 nimis
662 3276 824 3338 obscurum
847 3275 969 3338 voculae
997 3283 1108 3337 eontra
1131 3293 1156 3336 u.
1181 3272 1244 3336 684
1272 3293 1394 3336 sensum

247 3397 323 3440 esse.
370 3379 554 3464 Quamquam
578 3378 628 3440 ille
651 3378 730 3457 quod
747 3379 883 3446 coriiecit,
907 3377 1047 3438 secundis
1070 3395 1137 3438 eum
1161 3378 1244 3437 cruris
1266 3379 1395 3454 margini

247 3480 384 3541 allevisse
407 3480 539 3541 ‘eertum
564 3489 608 3540 est
631 3480 701 3542 dare
723 3480 812 3541 lintea
835 3484 945 3550 retro',
971 3478 1050 3560 quod
1073 3497 1098 3540 v.
1122 3475 1185 3540 683
1207 3477 1314 3539 horum
1336 3480 1395 3540 ‘iu-

248 3583 371 3644 tendere
401 3581 464 3642 vela
493 3583 649 3643 secundis’
677 3585 708 3645 iu
738 3585 831 3644 vicem
859 3581 998 3643 substitui
1021 3579 1188 3662 ¹puduisset,
1222 3587 1254 3639 ut
1282 3599 1307 3640 r.
1331 3578 1394 3642 686

246 3683 466 3746 hemistichium
497 3685 545 3744 ‘ni
574 3692 696 3745 teneant
725 3687 849 3747 eursus'
879 3682 1080 3764 relinquatur,
1112 3701 1249 3744 versuum
1273 3678 1336 3743 684
1365 3691 1395 3744 et

246 3784 310 3850 685
332 3785 530 3855 difficultates,
554 3786 723 3865 dequibus
746 3787 814 3858 dixi,
838 3787 960 3846 minime
977 3785 1133 3864 expedivit.
1180 3783 1239 3846 Sed
1262 3784 1395 3844 concedo

247 3888 416 3950 absolutum
438 3909 454 3949 a
477 3898 563 3968 poeta
588 3896 681 3950 totum
705 3890 803 3952 locum
825 3908 885 3950 non
909 3905 986 3948 esse.

331 3990 413 4051 ldem
436 3999 535 4052 tamen
559 3992 665 4052 iniuria
689 4010 717 4071 p.
734 3992 800 4053 Xlll
822 3992 933 4052 exitum
958 3990 1037 4050 tertii
1060 3987 1129 4049 libri
1153 3987 1222 4049 iude
1245 4008 1260 4049 a
1284 4009 1309 4048 v.
1330 3986 1395 4052 688

247 4093 449 4173 reprehendit,
467 4093 546 4172 quod
563 4093 715 4156 uberrimo
732 4102 761 4155 et
776 4094 986 4154 amoenissimo
1003 4099 1179 4170 argumento
1193 4091 1302 4171 raptim
1324 4109 1394 4169 per-

247 4216 335 4258 curso
351 4197 546 4258 summarium
563 4194 640 4257 exile
655 4198 706 4265 sit,
731 4195 872 4258 secundis
889 4195 1003 4256 scilicet
1017 4195 1097 4256 curis
1112 4192 1245 4256 nondum
1267 4211 1394 4254 exorna·

247 4307 323 4360 tum.
360 4299 426 4360 Non
449 4299 648 4360 consideravit
670 4299 759 4369 iudex
780 4297 840 4368 ille,
866 4297 971 4360 Didoni
985 4296 1106 4356 Aenean
1130 4313 1250 4356 errores
1272 4314 1344 4356 suos
1367 4301 1397 4354 et

247 4400 378 4482 pericula
402 4419 533 4471 narrare,
559 4420 617 4462 uun
641 4401 669 4462 id
687 4403 784 4480 egisse
800 4408 917 4480 poetam
934 4407 967 4461 ut
981 4398 1068 4459 nobis
1082 4414 1274 4459 amoenorum
1292 4415 1394 4460 rerum
