2962 4904
707 378 948 420 Paouucouun'n.

255 549 380 610 alterum
404 565 436 607 se
461 545 542 606 urbis
565 546 750 608 conditorem
779 545 815 607 ab
846 548 948 608 amicls
977 556 1058 608 certe
1088 556 1118 609 et
1139 553 1235 630 poetis
1257 551 1401 634 appellari

254 651 332 714 lraud
357 668 446 728 aegre
469 667 588 728 passum
612 649 722 728 essc*).

677 890 978 900 Ἣ

715 1109 850 1212 Onrur
876 1111 944 1186 III.

445 1253 508 1337 De
539 1257 769 1338 retractatis
801 1285 824 1338 a
854 1267 979 1364 poeta
1008 1259 1213 1368 georgicis.

342 1574 401 1636 Sed
424 1573 558 1651 quamvis
581 1592 681 1634 rerum
705 1579 854 1652 gestarum
878 1576 980 1635 notitia
1003 1577 1033 1637 iu
1056 1579 1203 1655 georgicis
1225 1578 1304 1639 nulla
1328 1579 1406 1642 ultra

255 1697 365 1742 annum
388 1672 450 1738 725
472 1677 629 1755 pertineat,
655 1674 747 1736 nihilo
769 1683 867 1738 tamen
891 1678 990 1738 minus
1013 1679 1198 1740 confidenter
1220 1699 1309 1760 quam
1333 1681 1405 1743 olim

256 1785 287 1843 in
304 1781 385 1842 lectt.
403 1775 513 1856 Vergil.
529 1777 756 1849 adfirmaverim,
773 1782 974 1842 retractando
988 1783 1116 1861 poemati
1132 1782 1294 1861 Vergilium
1317 1785 1405 1845 etlam

257 1891 361 1965 postea
390 1899 513 1960 operam
541 1879 725 1959 inpendisse.
776 1879 917 1942 Traditur
947 1883 1026 1945 enim
1053 1887 1085 1945 in
1113 1883 1235 1945 scholiis
1257 1885 1407 1948 Servianls

258 1985 294 2048 ad
319 1983 373 2046 ecl
398 1981 457 2044 xl
476 1990 566 2061 elge.
583 1981 619 2042 lV
643 1983 673 2044 iu
696 1983 851 2063 prooemio
875 1985 953 2062 (nam
976 1987 1008 2046 iu
1030 1986 1136 2047 Donati
1159 1987 1249 2048 vitam
1272 1989 1407 2068 interpo-

257 2087 368 2149 latione
401 2087 485 2166 prior
518 2083 569 2145 ille
598 2085 692 2145 Servii
720 2083 804 2146 locus
831 2082 939 2147 inlatus
968 2085 1039 2164 est),
1075 2097 1216 2167 quartum
1243 2091 1406 2169 georgicon

256 2189 365 2251 librum
390 2207 406 2248 a
428 2186 527 2248 nredlo
549 2187 703 2266 usquead
726 2189 815 2248 finem
840 2187 969 2250 Cornelii
992 2189 1067 2250 Galli
1095 2193 1181 2252 amici
1211 2191 1248 2253 ad
1270 2195 1405 2272 praelec-

258 2301 353 2354 turam
376 2291 500 2371 Aegypti
524 2309 559 2350 ex
583 2291 682 2351 iullma
706 2292 823 2352 fortuna
846 2288 883 2350 ab
898 2291 1032 2368 Augusto
1054 2295 1187 2373 provecti
1210 2293 1313 2356 laudes
1336 2295 1406 2357 olim

258 2394 456 2461 continuisse;
488 2391 539 2452 scd
569 2393 596 2452 is
625 2411 692 2453 curn
723 2400 753 2451 et
775 2398 979 2454 accusatorum
1003 2393 1202 2457 delationibus
1230 2404 1260 2458 ot
1286 2404 1408 2460 senatus

260 2493 405 2557 consultis
429 2511 506 2555 anno
530 2490 591 2555 728
615 2493 650 2554 ad
674 2513 778 2554 ueceur
801 2494 973 2575 compulsus
996 2498 1148 2578 esset**),
1178 2498 1299 2560 iubente
1323 2502 1405 2579 prin·

258 2599 325 2678 cipe
347 2606 464 2677 poetam
493 2595 630 2657 laudibus
658 2595 718 2657 illis
748 2594 852 2658 deletis
882 2598 943 2658 sire
966 2599 1090 2659 Aristaei
1120 2601 1180 2661 sive
1204 2601 1316 2681 Orphei
1346 2603 1408 2663 sire

261 2708 420 2779 utramque
444 2698 573 2760 fabulam
596 2697 872 2779 substituissc***).

346 2800 431 2873 Quod
455 2787 626 2863 etiamnunc
649 2808 730 2862 recte
753 2803 793 2862 ita
815 2801 965 2881 explicere
988 2802 1060 2864 mihi
1084 2803 1199 2874 videor,
1230 2813 1263 2866 ut
1286 2825 1353 2867 cum
1377 2809 1407 2868 iu

257 2913 363 2994 quprto
386 2903 463 2966 libro
486 2903 523 2964 do
546 2904 757 2985 Aegyptiorum
780 2923 851 2984 apres
872 2905 1052 2984 procreandi
1075 2913 1137 2968 arte
1161 2915 1190 2968 et
1212 2909 1338 2970 Aristaei
1361 2911 1406 2970 in·

261 3016 349 3070 vento
373 3005 561 3085 exposuisset
581 3001 652 3084 (281
678 3007 769 3086 squ),
799 3007 891 3068 simili
917 3006 1006 3068 modo
1034 3015 1066 3069 ut
1093 3010 1123 3069 in
1153 3012 1300 3090 extremis
1324 3010 1409 3073 libris

260 3113 359 3192 primo
383 3119 411 3170 et
434 3106 566 3169 secundo
589 3108 624 3169 ad
653 3107 785 3187 publicas
813 3129 862 3170 res
891 3110 1044 3188 digressus
1072 3112 1159 3172 linem
1189 3113 1303 3173 laceret
1331 3112 1409 3174 esle-

265 3212 386 3274 brandis
408 3197 644 3272 coniunctissimi
669 3211 724 3272 sibi
748 3221 778 3272 et
800 3213 926 3273 amicitia
951 3220 980 3272 et
995 3231 1146 3274 musarum
1164 3212 1245 3276 cultu
1269 3217 1323 3276 riri
1347 3215 1408 3276 lau·

258 3316 360 3382 dibus.
390 3315 440 3395 qui
464 3313 578 3394 primus
602 3319 686 3381 tunc,
712 3313 768 3374 hoc
791 3322 835 3374 est
857 3314 926 3376 inde
949 3313 986 3375 ab
1010 3316 1079 3376 anni
1102 3313 1164 3376 724
1192 3319 1408 3396 auctumno†),

262 3418 444 3500 provinciam
462 3417 625 3496 Aegyptum
650 3423 776 3494 regeret
791 3418 962 3498 inventique
978 3418 1111 3479 notitiam
1129 3419 1224 3479 amico
1241 3418 1284 3479 vel
1306 3422 1408 3501 inper-

259 3523 317 3582 tire
351 3518 395 3580 vel
428 3525 510 3578 certe
540 3518 716 3580 confirmare
742 3521 897 3596 potuisset.
950 3520 1027 3592 eras
1061 3528 1129 3600 post
1164 3522 1311 3584 lunestam
1343 3525 1410 3584 eius

332 3707 360 3772 ¹⁸)
379 3709 433 3758 Dio
453 3707 470 3759 l.
491 3706 509 3760 l.
528 3696 668 3769 ὁΚαῑσιιρ
687 3697 827 3771 ἐπεθύμει
843 3701 897 3772 μὲν
909 3702 1028 3784 ἰσχυραῖς
1044 3699 1182 3772 Ῥωμύλος
1194 3699 1409 3776 ὀνομασθῆναι.

261 3786 439 3862 αἰσθρμενος
462 3785 495 3844 dl
518 3779 564 3844 ὅτι
588 3781 780 3842 ὑποπτεύεται
804 3783 834 3842 ln
859 3783 963 3844 τούτου
990 3791 1041 3856 τῆς
1068 3790 1222 3858 βασιλείας
1244 3785 1409 3860 ἐπιθυμεῖν,

264 3868 361 3929 οὐκέτ’
381 3869 474 3928 αὐτοῦ
492 3866 711 3942 ἀντεποιήσατο.

316 3961 360 4026 **)
379 3963 433 4012 Dio
452 3961 517 4011 Llll
537 3964 569 4012 23
588 3977 628 4026 sq.
654 3962 804 4012 Suetonius
815 3963 885 4028 Aug.
898 3965 931 4013 66
952 3963 1111 4015 Ammianus
1130 3962 1312 4016 Marcellinus
1331 3965 1409 4016 xvu

260 4050 325 4110 4,5
362 4047 512 4112 Eutropius
531 4046 615 4096 Vll‘l
651 4046 834 4111 Hieronymus
853 4045 896 4102 Ol.
919 4045 1152 4111 188,2(Sueton.
1173 4049 1206 4098 fr.
1225 4065 1250 4114 p.
1269 4048 1376 4112 4211).

295 4131 357 4198 ***)
376 4132 488 4182 Servius
507 4130 601 4196 ga.1V
620 4131 680 4180 init.
699 4135 777 4181 ‘nam
795 4130 893 4182 laudes
906 4132 981 4184 Galli
994 4117 1091 4182 lrabuit
1104 4131 1182 4184 locus
1196 4132 1253 4198 ille,
1274 4133 1321 4200 qui
1335 4149 1408 4184 nuuc

262 4218 359 4283 orptet
370 4217 494 4268 continet
508 4214 639 4274 tabulam,
659 4231 730 4280 quae
743 4217 850 4267 inserta
863 4222 914 4280 est,
928 4222 1074 4284 postquam
1087 4217 1158 4270 irato
1172 4219 1296 4284 Augusto
1310 4219 1409 4271 Gallus

261 4304 369 4354 occisus
389 4305 445 4352 est’
465 4301 562 4366 Orpdet
578 4301 640 4352 Vat.
660 4303 725 4353 3317
745 4302 845 4352 Aristeu·
862 4310 887 4352 et
906 4303 980 4366 Orsei
997 4303 1085 4353 Paris.
1105 4305 1171 4355 7959
1190 4309 1261 4355 teste
1281 4303 1407 4356 Thilone.

261 4389 379 4438 Aristaei
397 4385 493 4451 Orphei
511 4386 661 4436 Vossianus
681 4391 708 4436 et
726 4401 805 4452 quem
823 4386 883 4452 ipse
902 4388 1012 4452 inspexi
1031 4387 1209 4438 Barbetinus.

330 4471 360 4534 †)
379 4471 433 4522 Dio
452 4471 489 4521 LI
509 4473 539 4521 17
576 4469 677 4522 Strabo
695 4471 773 4522 XVII
792 4487 818 4536 p.
838 4473 887 4523 sls
924 4471 1106 4536 Hieronymus
1126 4472 1169 4524 Ol.
1191 4473 1248 4536 187,
1267 4477 1292 4524 3.
