2962 4904
550 369 794 414 rnounooumu.
1200 348 1245 414 45

95 535 185 598 latam
201 543 232 596 et
246 535 398 598 llomanae
419 534 508 596 simul
532 533 617 597 urbis
639 545 670 597 et
691 537 759 598 novi
775 535 892 608 Quirini
907 537 1053 614 originem
1077 534 1125 612 (cl.
1137 535 1241 598 Donat.

95 656 124 717 p.
147 633 200 708 59,
225 634 274 711 12)
297 636 474 699 celebraret.
521 637 644 700 Videtur
667 639 745 699 enim
769 656 851 700 mere
874 634 1009 700 historici
1026 639 1166 700 carminis
1181 657 1244 700 ma·

95 739 170 800 teria
194 741 282 802 etiam
305 747 378 800 tunc
399 739 530 801 oliensus
553 757 627 810 esse,
652 741 729 802 sicut
751 737 821 800 olim
844 757 913 801 cum
934 739 1082 802 incohatis
1105 740 1166 801 sire
1181 739 1241 802 llo·

94 842 207 912 mauis,
236 850 270 904 ut
291 841 424 903 Donatus
446 860 476 922 p.
497 838 549 915 59,
572 837 629 912 21,
659 843 720 903 sire
748 858 852 921 regum
880 840 1061 904 Albanorum
1082 835 1181 914 rebus,
1210 849 1244 903 ut

95 943 218 1004 Servius
240 941 276 1004 ad
300 941 355 1005 ecl.
379 942 416 1004 Vl
437 940 591 1013 3·uarrat,
616 942 777 1006 deterritus
799 941 845 1003 vel
868 945 1040 1006 ‘nominum
1063 945 1241 1024 asperitate'

95 1044 141 1105 rel
164 1044 314 1106 annalium
338 1046 473 1106 vastitate
496 1044 532 1106 ad
557 1043 690 1106 bucolica
712 1045 829 1106 transiit
851 1044 1018 1107 scribenda.

180 1144 284 1224 ltaque
306 1164 367 1208 uon
390 1164 467 1226 nego
491 1165 611 1227 poema,
636 1164 696 1208 uon
718 1153 817 1208 tamen
839 1145 985 1218 Aeneida,
1013 1147 1065 1208 sed
1089 1147 1126 1208 de
1148 1146 1240 1210 rebus

95 1248 235 1310 Caesaris
257 1246 419 1327 Vergilium
442 1255 505 1309 tum
528 1267 596 1310 cum
624 1249 812 1327 prooemium
841 1246 913 1309 illud
942 1247 1089 1310 scriberet
1115 1247 1239 1312 medita·

97 1357 159 1412 tom
183 1367 249 1411 csse
273 1357 303 1410 et
325 1348 428 1430 templi
450 1351 579 1428 imagine
594 1348 813 1430 ‹prodammodo
836 1347 1055 1412 adumbratisse
1078 1358 1108 1412 et
1130 1349 1239 1430 allego·

93 1453 170 1514 riam
193 1453 290 1532 ipsum
312 1471 356 1512 vv.
371 1448 499 1514 46-48
516 1450 726 1531 explanavissc,
750 1449 864 1513 scilicet
884 1458 916 1512 ut
931 1453 1111 1531 promissum
1125 1455 1243 1531 gravius

96 1555 186 1616 etiam
209 1554 407 1616 confirmaret.
451 1553 489 1614 Ut
512 1571 549 1614 ne
562 1552 774 1633 Peerlkampus
797 1552 915 1634 quidem
931 1552 950 1613 Ι.
967 1551 986 1614 l.
1003 1571 1032 1634 p.
1048 1550 1112 1616 232
1133 1553 1241 1616 horum

94 1673 234 1718 versuum
268 1654 355 1716 lldem
390 1654 464 1716 mihi
497 1653 677 1716 tabefecerit.
728 1653 802 1716 Nam
831 1654 987 1716 ‘ardentes
1014 1659 1146 1735 pugnas'
1175 1656 1241 1736 ipse

94 1756 204 1820 l'alerii
225 1755 325 1818 Flacci
346 1756 384 1816 vl
405 1752 466 1817 601
491 1755 626 1836 exemplo
648 1757 721 1818 satis
743 1757 877 1818 firmavit.
933 1757 1090 1819 Praeterea
1112 1758 1138 1819 si
1160 1756 1238 1818 Lati-

94 1877 165 1920 uum
189 1865 235 1920 est
257 1858 335 1919 ‘lert
355 1863 443 1938 poeta
465 1876 575 1920 nomen
597 1855 731 1920 Caesaris
752 1875 807 1939 per
830 1856 933 1919 orbem
941 1859 962 1928 ',
985 1857 1089 1938 quidni
1112 1857 1239 1920 dixerim

92 1962 166 2041 ‘per
189 1977 277 2021 omne
300 1977 420 2029 aevum,
449 1977 504 2038 per
527 1943 615 2022 omne
637 1961 780 2040 temporis
803 1960 967 2039 spatium’l
995 1961 1066 2021 anui
1094 1968 1191 2021 autem
1221 1977 1237 2020 a

95 2064 193 2142 prima
214 2061 335 2123 Tithoni
359 2061 475 2139 origine
497 2060 632 2141 prolecto
653 2059 886 2123 innumerabiles
908 2068 985 2124 sunt.

178 2163 317 2225 Ceterum
346 2169 439 2224 tolum
460 2161 604 2240 'quattuor
637 2161 781 2224 librorum
809 2180 884 2243 opus
913 2181 971 2225 una
1000 2161 1149 2242 prodiisse
1179 2169 1239 2224 tam

93 2266 190 2345 prima
215 2265 237 2344 (l
261 2261 353 2342 1-5)
379 2282 467 2345 quam
491 2271 621 2328 extrema
646 2264 691 2342 (lv
712 2260 892 2346 559-566)
922 2267 986 2326 eius
1010 2263 1098 2326 verba
1121 2257 1239 2326 abunde

93 2372 249 2436 testantur,
273 2365 398 2446 abipso
421 2373 518 2427 autem
542 2373 571 2428 et
594 2365 782 2428 emendatum
811 2374 840 2428 et
863 2365 973 2428 editum
997 2383 1063 2428 esse
1085 2364 1242 2428 adfirmant

93 2475 223 2538 veteres,
253 2473 367 2528 utnon
390 2469 485 2548 possit
506 2470 670 2546 excogitari
691 2467 768 2548 quod
792 2469 872 2528 omni
896 2470 1058 2530 memoriae
1081 2474 1110 2528 et
1131 2466 1240 2547 proba·

92 2567 199 2630 bilitati
222 2570 317 2647 magis
339 2568 513 2631 adversetur
535 2587 622 2650 quam
645 2568 762 2630 'littleri
784 2571 963 2631 coniectura.
1014 2569 1058 2632 Ne
1086 2577 1185 2631 autem
1208 2571 1239 2630 in

91 2670 247 2732 refutanda
270 2670 307 2731 de
330 2669 453 2732 secundi
475 2669 545 2732 libri
574 2671 707 2732 versibus
728 2667 855 2733 39-46
883 2672 1023 2751 opinione
1052 2670 1184 2733 eiusdem
1207 2690 1236 2752 p.

93 2767 234 2833 18-20
260 2770 375 2852 prolata
409 2772 477 2852 (qua
507 2771 652 2850 Vergilius
679 2773 879 2834 Maecenatem
908 2779 941 2835 ut
967 2779 1084 2852 poetam
1113 2792 1146 2833 sc
1173 2774 1239 2852 ipso

91 2875 237 2936 maiorem
267 2876 419 2954 suspicere
441 2873 571 2953 lingitur)
600 2871 726 2952 amplius
755 2875 898 2936 immorer
925 2876 1018 2936 olium
1046 2875 1117 2936 lacit
1138 2873 1239 2936 Peerl-

91 2975 193 3057 kampi
214 2993 350 3045 acumen,
373 2993 431 3055 quo
453 2977 479 3036 is
501 2994 530 3054 p.
556 2972 617 3038 138
639 2973 706 3036 coll.
730 2975 900 3038 Nemesiani
923 2977 1032 3056 Cyneg.
1048 2974 1090 3038 58
1106 2993 1150 3055 sq.
1173 2995 1238 3037 rer·

90 3097 157 3140 som
179 3074 221 3140 41
246 3079 386 3140 correxit.
431 3077 625 3157 Transposito
648 3077 727 3140 enim
755 3085 824 3159 post
845 3096 871 3140 v.
894 3073 936 3140 42
959 3085 989 3138 et
1009 3085 1121 3140 mutato
1143 3080 1185 3162 da
1207 3080 1238 3141 in
1357 3077 1366 3098 ⁸

89 3182 167 3242 dure
189 3180 265 3241 haec
287 3179 399 3242 eliecit:

296 3397 382 3463 tuque
404 3387 469 3444 ades
492 3387 686 3462 inceptumque
708 3403 760 3444 una
784 3386 899 3445 decurre
920 3387 1051 3451 laborem,

244 3475 310 3552 loo
332 3475 430 3536 decus,
453 3489 469 3528 o
492 3471 579 3529 lamae
601 3473 697 3529 merito
720 3491 784 3547 pars
801 3475 915 3530 maxima
937 3482 1055 3530 nostrae.

242 3563 276 3612 42
291 3575 345 3615 non
369 3575 421 3632 ego
444 3565 541 3616 cuncto
563 3557 630 3614 meis
653 3557 779 3632 amplecti
801 3557 925 3614 versibus
948 3566 1026 3632 opto,

78 3669 80 3674 ·
194 3697 199 3702 ,
241 3645 273 3696 ll
291 3644 446 3706 Maecenas.
470 3641 625 3717 pelagoque
647 3641 741 3699 volans
763 3643 827 3700 dore
850 3642 906 3698 vela
929 3645 1043 3717 patenti,

242 3731 275 3782 43
291 3745 361 3790 uon.
384 3729 448 3785 mihi
472 3727 495 3782 si
517 3728 626 3800 linguae
648 3736 757 3784 centum
780 3729 835 3784 sint
857 3745 960 3801 oraque
983 3736 1101 3792 ceritum,

293 3814 381 3871 lerrea
402 3829 463 3870 vox.
507 3812 571 3869 ades
593 3818 621 3869 et
642 3813 723 3887 primi
745 3811 807 3887 lege
830 3808 920 3870 litoris
942 3829 1032 3876 oram:

292 3898 466 3955 inmanibus
489 3905 578 3956 terrae
599 3912 624 3955 e.
647 3917 675 3972 q.
697 3912 722 3955 e.

172 4098 255 4171 Quae
277 4100 328 4177 qui
350 4096 447 4160 libero
469 4099 569 4160 animo
592 4096 684 4177 leget,
713 4099 778 4178 ipse
805 4098 986 4177 persentiat,
1015 4097 1102 4180 quam
1134 4098 1234 4178 inepta

86 4202 176 4264 luerit
199 4200 317 4280 vulgata
341 4199 430 4264 lectio
453 4207 483 4262 et
504 4218 592 4280 quam
615 4207 697 4262 recte
719 4217 798 4261 nunc
820 4197 926 4279 pelago
954 4202 1066 4280 patenti
1088 4201 1177 4281 primi
1199 4197 1234 4260 li·

87 4304 160 4364 toris
183 4321 235 4364 ora
259 4309 428 4382 opponatur
450 4321 475 4363 e.
498 4321 528 4382 q.
552 4321 575 4362 s.
620 4300 658 4363 Ut
681 4319 748 4362 eum
764 4300 910 4362 Ladevico
933 4319 1051 4381 sperem
1067 4300 1232 4362 llauovlum

87 4422 204 4484 quoque
227 4405 270 4464 sic
292 4387 448 4466 emendata
471 4410 576 4482 poetae
598 4400 773 4464 relicturum
796 4421 876 4474 esse,
906 4404 1038 4482 quamuis
1061 4402 1091 4462 in
1114 4399 1233 4462 schedis
