3038 4912
256 343 297 408 86
705 364 948 407 Psouneounun.

256 531 330 595 598.
376 533 452 604 Quid
475 535 505 593 in
529 532 722 613 sequentibus
746 527 913 593 tte-nto
928 531 1087 592 obscurum
1105 539 1134 592 01
1149 532 1224 593 rude
1247 534 1284 593 sit
1299 530 1400 602 Ρο071-1

258 635 382 714 karupus
405 637 549 714 exposuit.
595 636 681 697 Certe
702 635 799 695 inanis
821 632 925 711 gloria,
954 632 991 693 de
1014 633 1116 694 Turno
1139 651 1257 713 quoquc
1282 641 1403 713 tropaea

258 736 382 810 l‘allanti
405 737 505 802 lutura
528 737 631 806 luisse,
662 738 687 796 si
710 735 920 796 roburmaius
943 736 1059 796 luisset.
1103 735 1190 797 lllum
1214 735 1333 814 quidem
1356 747 1427 796 sa-'

254 839 383 900 nissimo
406 857 496 900 sensu
512 841 659 918 genuinus
675 838 815 900 Euander
837 839 896 917 ipsi
918 840 1034 898 Aeneae
1057 836 1161 898 deberi
1184 834 1404 899 0171777178

260 941 425 1020 profitetur.
470 939 529 1001 Sed
551 942 583 1002 in
607 939 653 1001 his
676 959 796 1021 quoque
819 948 952 1000 extrema
975 941 1109 1014 ‘meritis
1132 983 1190 1000 ...
1214 942 1306 1002 imos’
1331 937 1405 1015 (179

259 1038 381 1122 -181)
403 1041 555 1103 abundant
578 1051 607 1103 01
628 1041 779 1120 languent.

343 1144 452 1204 Versus
474 1140 538 1204 290
563 1142 716 1204 tibicinem
745 1139 795 1203 ‘et'
819 1145 849 1205 in
874 1143 1021 1204 decimum
1045 1163 1070 1202 v.
1093 1163 1119 1204 r.
1148 1148 1278 1206 annum'
1306 1145 1406 1207 subtili

259 1245 368 1308 iudicio
389 1244 514 1307 Messala
541 1246 661 1306 notavit.
712 1245 778 1306 Non
805 1245 1053 1325 dittograpbiam,
1084 1245 1137 1306 sed
1166 1247 1299 1326 spurium
1326 1265 1406 1307 nunc

261 1346 357 1408 babeo
385 1366 410 1406 7.
441 1342 490 1408 80.
547 1346 674 1408 Temere
708 1366 743 1408 ex
775 1343 909 1409 vrttes
935 1365 978 1425 sq.
1014 1350 1139 1427 repetita
1172 1368 1237 1410 esse
1270 1353 1407 1430 suspicor

261 1467 285 1508 v.
314 1444 377 1510 523
412 1466 456 1527 sq.
495 1447 568 1510 baec
605 1449 739 1538 ‘quam
758 1494 790 1510 ..
822 1450 934 1520 latus',
973 1467 1050 1527 quae
1086 1451 1196 1512 omisso
1234 1450 1312 1528 quod
1345 1450 1407 1513 illio

260 1551 392 1620 additum
415 1557 461 1611 est
489 1553 654 1613 ‘nemoris’
685 1570 724 1612 ne
752 1549 885 1629 intellegi
915 1552 1046 1630 quidem
1065 1554 1136 1614 satis
1158 1551 1245 1613 170710
1267 1563 1403 1632 possunt.

260 1651 321 1714 Nec
356 1651 445 1714 silvae
483 1654 596 1714 mentio
631 1653 679 1714 bic
716 1654 751 1715 ad
785 1672 849 1715 rem
883 1657 1065 1724 necessaria,
1100 1673 1168 1716 curn
1203 1654 1404 1718 difficillimam

260 1755 340 1818 aditu
373 1753 478 1816 70110777
511 1754 591 1816 illam
626 1765 655 1816 et
690 1755 786 1840 fraudi
809 1739 920 1836 ¹aptum
956 1755 1071 1833 reliqua
1103 1755 1162 1817 loci
1198 1765 1303 1819 natura
1335 1760 1406 1820 satis
1453 1797 1457 1803 -

262 1865 406 1936 praestet,
445 1858 595 1918 anfractus
635 1855 701 1918 dieo
742 1865 771 1918 et
810 1859 908 1919 tenuis
940 1849 1046 1920 semita
1084 1865 1113 1918 et
1146 1845 1273 1921 lancium
1313 1878 1405 1938 augu-

261 1960 344 2020 stiae.
389 1958 499 2028 Versus
521 1959 649 2039 deuique
671 1955 733 2020 607
756 1978 811 2039 per
839 1979 871 2020 se
895 1959 999 2020 durior
1028 1958 1146 2039 (durum
1176 1963 1254 2022 enim
1285 1969 1329 2022 est
1356 1961 1405 2022 ad-

261 2069 382 2132 veutum
417 2063 546 2123 virorum
579 2060 737 2122 ardescere
769 2061 841 2131 dici,
878 2061 957 2142 quod
990 2079 1028 2121 ne
1061 2061 1097 2122 de
1130 2063 1252 2123 fremitu
1285 2062 1405 2142 quidem

262 2181 407 2245 equorum
430 2165 501 2225 satis
523 2165 645 2243 proprie
667 2163 866 2244 praedicatur)
890 2172 958 2242 post
974 2183 1000 2224 7.
1016 2161 1080 2228 599
1095 2183 1159 2244 sqq.
1181 2183 1308 2243 prorsus
1331 2167 1405 2226 otio·

262 2285 314 2328 sus
337 2274 391 2328 est.

347 2369 445 2431 Unum
467 2370 497 2428 in
527 2370 633 2430 altimo
661 2367 739 2429 libro
769 2367 946 2429 versiculum
974 2386 1034 2428 non
1061 2365 1183 2446 plenum
1212 2365 1273 2429 631
1303 2371 1406 2449 optimi

262 2470 331 2536 libri
351 2470 511 2551 praebent,
541 2471 626 2531 cuius
654 2469 893 2550 supplementum
921 2471 1069 2531 novicium
1099 2476 1178 2530 extat
1204 2471 1236 2530 in
1258 2470 1406 2534 Leidensi.

262 2571 320 2633 Sed
343 2571 389 2632 bis
412 2570 457 2632 rel
479 2578 525 2632 ter
548 2573 725 2633 sententiam
741 2589 800 2632 non
818 2570 855 2632 ad
870 2573 959 2632 finem
974 2570 1148 2650 perductam
1164 2573 1276 2632 notavi:
1302 2591 1327 2631 7.
1342 2569 1407 2634 218

263 2681 383 2735 017710
406 2670 477 2735 733.
521 2673 640 2734 Tertius
663 2681 708 2735 cst
730 2673 814 2734 loeus
836 2677 953 2735 Aeneae
975 2674 1070 2734 oratio
1093 2668 1271 2744 see-893,
1295 2677 1326 2735 in
1349 2694 1407 2755 qua

263 2795 330 2838 cum
354 2771 418 2837 890
439 2794 587 2838 summam
609 2777 759 2837 contineat
781 2777 967 2846 sententiam,
991 2783 1043 2838 aut
1063 2776 1245 2855 praecedere
1260 2775 1409 2839 debebant

263 2879 417 2958 sequentia
441 2874 610 2940 eet-ees
633 2887 682 2938 aut
704 2878 760 2940 0177
783 2877 924 2948 clausula,
950 2877 1029 2940 velut
1050 2880 1229 2959 ‘numquam
1252 2877 1340 2938 hodie
1364 2883 1407 2940 01-

264 2981 363 3057 fugies
373 2984 391 3049 ',
417 2979 591 3059 excipienda
615 2989 708 3041 erant.
743 2981 793 3041 Bis
820 2980 898 3041 idem
922 2981 1098 3058 exprimitur
1121 2997 1163 3038 vr.
1187 2975 1354 3040 879-881
1379 2989 1409 3041 01
1473 3017 1478 3028 .

264 3078 442 3150 882-884,
467 3081 518 3142 0071
539 3083 579 3142 717
596 3089 627 3141 71
649 3085 816 3143 ternionem
839 3091 999 3162 ultrumque
1023 3088 1107 3160 poeta
1130 3083 1194 3160 ipse
1217 3083 1408 3161 proposuisse

264 3183 432 3246 credendus
455 3185 502 3243 sit.
548 3183 614 3245 Non
636 3184 711 3262 sugit
734 3189 848 3244 veteres
871 3183 1129 3262 neglegentiaque
1146 3183 1290 3246 Camertis
1312 3184 1408 3245 107777

264 3305 290 3346 v.
320 3281 385 3345 224
414 3284 542 3345 induens
571 3285 723 3346 Iuturnam
757 3304 816 3346 non
846 3287 981 3346 meminit
1024 3287 1155 3346 occisum
1184 3303 1249 3346 esse
1278 3284 1304 3348 x
1334 3281 1408 3356 562,

267 3388 423 3448 7770710710
446 3389 640 3464 cognomines
662 3387 737 3449 duos
759 3385 891 3465 intellegi
914 3386 1013 3448 voluit.
1059 3387 1133 3447 Sunt
1154 3397 1309 3466 praeterea
1333 3406 1409 3466 quae

268 3497 367 3549 utrum
389 3487 586 3568 interpolator
615 3508 650 3550 au
677 3489 764 3569 poeta
790 3491 958 3568 peccaverit
984 3489 1155 3568 ambiguum
1185 3499 1238 3551 est.
1288 3490 1410 3552 Certum

267 3590 386 3668 quidem
409 3599 438 3651 01
459 3588 604 3651 librorum
627 3593 802 3652 auctoritate
825 3591 987 3660 firmatum,
1017 3590 1130 3652 0170700
1157 3591 1194 3654 ab
1216 3592 1273 3652 boc
1296 3611 1361 3654 esse
1384 3613 1409 3654 v.

195 3689 197 3695 ’
265 3688 328 3753 612
351 3711 394 3771 sq.

351 3794 479 3856 Omnino
512 3794 576 3856 aliis
606 3796 694 3857 huius
727 3794 794 3856 libri
827 3794 962 3874 partibus
996 3804 1026 3856 et
1059 3797 1157 3857 minus
1191 3816 1207 3857 a
1237 3806 1324 3876 poeta
1351 3795 1411 3859 ela·

267 3896 390 3958 boratus
414 3903 444 3956 et
465 3897 502 3958 ab
530 3898 744 3978 interpolatore
774 3899 866 3976 magis
895 3904 1094 3976 pertractatus
1122 3916 1187 3959 esse
1217 3897 1333 3958 ridetur
1360 3899 1411 3961 7110

267 3999 304 4060 de
326 3997 448 4062 loedere
471 4007 560 4079 rupto
584 4001 676 4062 locus.
722 4000 823 4061 Notavi
847 4018 982 4061 mancam
1005 4019 1029 4059 v.
1046 3997 1109 4061 218
1132 4002 1319 4061 sententiam.
1351 4001 1411 4062 Sed

268 4103 366 4162 statim
390 4121 414 4163 v.
437 4097 607 4164 203-205
628 4105 729 4183 inepte
751 4102 873 4164 Latinus
896 4101 942 4162 bis
971 4104 1046 4162 ‘nec
1073 4119 1121 4162 me
1144 4102 1213 4162 vis.
1240 4149 1247 4161 .
1270 4149 1276 4163 .
1300 4101 1411 4164 solvat'

272 4211 432 4282 exaggerat
453 4221 542 4281 quam
565 4206 710 4284 promittit
731 4204 829 4274 tidem,
854 4223 929 4285 quae
952 4221 1012 4265 non
1035 4210 1154 4283 apoeta
1169 4205 1279 4284 scripta
1295 4219 1361 4266 esse
1376 4223 1411 4266 00

268 4304 421 4384 probabile
438 4307 478 4375 171,
503 4305 581 4384 quod
597 4308 749 4384 sequentia
765 4326 790 4366 v.
806 4303 869 4367 206
885 4324 949 4386 sqq.
974 4311 1025 4367 ‘ut
1039 4314 1190 4384 sceptrum
1206 4305 1279 4366 boc’
1298 4326 1322 4367 0.
1341 4324 1369 4385 q.
1387 4327 1410 4370 s,

267 4408 331 4486 ipsa
354 4409 500 4469 sententia
524 4406 685 4469 cohaerent
708 4427 774 4476 cum
798 4405 859 4469 202
876 4428 932 4489 sq..
957 4425 1032 4485 quae
1056 4406 1129 4469 baec
1152 4415 1211 4469 est:
1237 4405 1411 4469 ε7711771708
