2962 4904
462 329 463 332 ¹
533 362 777 408 raoneaonena.
1154 387 1157 392 -
1183 347 1225 414 33

80 536 193 598 amoris
214 535 243 594 vi
266 533 437 596 continuata
460 548 609 592 summum
638 531 668 593 in
697 535 782 612 equis
810 535 943 598 lurorem
967 553 1126 616 erumpere
1153 555 1225 598 eon-

81 638 219 700 clusurus
251 642 316 697 erat
344 642 440 715 poeta.
491 632 589 694 Utitur
616 633 707 711 igitur
735 634 857 698 leaenae
885 653 1023 700 ursorum
1050 639 1115 718 apri
1141 639 1228 717 tigris

83 734 285 822 (tes-249),
308 738 371 798 suis
395 731 594 814 (255-257),
616 737 730 798 invenis
754 733 940 819 (258-263)
965 738 1117 819 exemplis.
1167 738 1225 800 Sed

81 843 152 904 binc
172 859 281 904 narsus
309 838 452 920 adieras
480 836 670 921 repellimur,
700 846 734 900 ut
761 837 862 918 lynces
889 839 976 921 lupos
1004 859 1093 903 canes
1122 860 1227 904 cervos

82 942 188 1006 eodem
210 941 309 1004 studio
332 941 436 1019 agitari
458 939 606 1001 discamus
629 936 701 1016 (264
723 940 789 1020 sq).
827 942 871 1003 Au
894 950 927 1006 ut
948 942 1117 1006 ardentiore
1138 945 1226 1005 etiam

82 1047 135 1108 bos
162 1063 255 1126 quam
276 1043 412 1104 homines
433 1041 613 1114 inflammari
635 1040 860 1120 intellegamus?
883 1043 970 1123 digua
992 1046 1128 1125 proiecto
1144 1053 1227 1108 tanto

82 1156 170 1227 pocta
192 1167 209 1209 a
231 1147 337 1208 iurene
364 1143 400 1205 ad
429 1143 515 1224 lupos
543 1150 573 1204 et
600 1161 689 1204 canes
716 1143 866 1223 gradatio!
895 1145 1034 1226 equidem
1062 1148 1227 1228 putaverim

82 1250 293 1312 brevissimum
315 1239 573 1324 συναθροισμὸν
595 1246 706 1324 optime
722 1245 862 1309 collocari
876 1249 907 1309 in
923 1247 1050 1332 finienda
1066 1233 1249 1311 bestiarum

82 1350 307 1414 enumeratione
334 1355 402 1426 post
428 1365 454 1408 v.
477 1343 550 1410 257.
599 1347 667 1408 ‘Nee
699 1364 770 1409 vero
803 1349 902 1410 minus
935 1351 1043 1412 mirum
1075 1358 1120 1413 est
1147 1350 1226 1432 quod

83 1451 244 1534 exemplis,
277 1448 389 1530 quibus
416 1448 452 1510 ad
481 1435 626 1526 equorum
655 1467 773 1511 amores
799 1452 945 1514 transitus
974 1449 1124 1532 parandus
1152 1463 1226 1523 erat.

69 1555 190 1616 ‘borum
211 1555 346 1632 ipsorum
370 1557 530 1612 tremorem
553 1569 579 1610 v.
595 1545 764 1614 250-254
778 1552 986 1633 interpositum
1001 1554 1137 1633 legimus,
1161 1573 1228 1618 eum
1309 1577 1312 1592 ·

83 1667 181 1720 umen
204 1663 307 1734 postea
329 1653 454 1732 insignis
481 1660 550 1716 ante
578 1653 675 1714 omnis
703 1654 787 1716 iuror
819 1671 962 1734 equarum
992 1655 1178 1719 describatur
1201 1675 1226 1718 v.

83 1753 261 1822 266-270,

166 1859 253 1933 Quod
276 1859 302 1919 si
324 1875 417 1938 equos
439 1863 469 1917 et
491 1874 582 1936 equas
604 1857 746 1936 distingui
762 1858 861 1929 voluit,
886 1866 984 1922 tamen
1007 1878 1067 1922 nou
1089 1869 1154 1922 erat
1175 1879 1227 1923 cur

85 1961 134 2034 illi,
157 1979 288 2042 quorum
311 1977 414 2022 curam
437 1957 494 2018 boc
515 1959 582 2038 ipso
604 1958 681 2022 libro
704 1959 856 2032 docuerat,
885 1963 964 2024 inter
986 1962 1127 2025 silvarum
1149 1964 1227 2024 ieras

85 2063 275 2144 aproposito
298 2061 439 2124 carminis
461 2060 658 2125 alienissimas
679 2060 894 2141 relegarentur.
949 2063 1050 2144 ltaque
1075 2063 1227 2126 turbatum

85 2183 222 2228 versuum
245 2164 380 2226 ordinem
404 2180 471 2224 esse
492 2161 634 2224 conclusi.
666 2162 723 2224 Sed
739 2163 859 2226 relictas
875 2163 911 2224 ab
933 2165 999 2244 ipso
1022 2173 1109 2246 poeta
1124 2165 1227 2226 turbas

86 2267 225 2347 quasdam
254 2283 418 2344 agnoscere
445 2262 520 2325 milri
548 2265 630 2325 visus
657 2283 721 2326 sum
753 2284 803 2336 eo,
832 2264 911 2344 quod
941 2267 1029 2328 nimis
1057 2265 1163 2328 similia
1191 2265 1228 2328 de

85 2377 212 2448 utroque
234 2385 346 2446 genere
367 2365 588 2447 praedicantur,
603 2365 679 2428 'non
703 2367 833 2447 seopulis
857 2386 948 2448 equos
970 2368 1156 2449 rupibusque
1178 2385 1227 2430 re·

85 2471 205 2540 tardari,
230 2487 289 2529 nnn
313 2467 434 2530 llumine
456 2475 574 2528 montes
596 2466 675 2536 unda
699 2476 857 2546 torquente
881 2465 953 2548 (253
968 2472 1037 2550 sq),
1062 2488 1154 2549 equas
1176 2488 1226 2531 au·

86 2580 142 2634 tem
165 2579 250 2632 trans
272 2571 402 2649 Gargara
431 2575 573 2649 transque
602 2577 758 2630 sonantem
780 2571 940 2633 Ascanium
969 2571 1054 2642 duci,
1083 2590 1228 2653 superare

86 2675 191 2736 montis
213 2679 243 2733 et
271 2670 393 2734 flumina
422 2680 541 2733 tranare
566 2667 638 2748 (269
661 2670 728 2750 sq).
780 2673 853 2734 Nam
883 2681 965 2735 reete
992 2674 1069 2754 apud
1093 2675 1228 2735 Servium

86 2775 259 2836 adnotatum
282 2781 343 2835 est:
368 2773 519 2851 ‘Gargara
541 2791 598 2851 pro
614 2772 798 2851 quibuslibet
812 2773 962 2837 montibus
978 2777 1054 2838 sicut
1068 2776 1227 2838 Ascanium

86 2896 137 2957 pro
160 2874 346 2957 quibuslibet
367 2874 539 2937 fluminibus
560 2875 688 2954 posuit'
737 2876 812 2937 Tam
841 2877 919 2938 inter
945 2895 979 2938 se
1008 2894 1140 2955 congrua
1169 2896 1228 2957 quo

87 2979 210 3042 consilio
233 2985 352 3058 poetam
375 2977 578 3057 composuisse
600 2975 789 3056 putabimus?
832 2978 926 3040 lmmo
948 2977 1076 3040 alterum
1098 2980 1229 3040 versieu-

87 3081 181 3145 lorum
210 3096 266 3160 par
292 3081 323 3141 in
352 3079 475 3142 alterius
508 3079 602 3140 ricem
637 3078 775 3140 substitui
809 3077 909 3141 voluit.
967 3080 1063 3160 Atque
1102 3098 1171 3142 cum
1199 3080 1229 3141 id

86 3192 194 3264 ageret
228 3191 263 3246 ut
295 3188 381 3244 vento
414 3179 549 3260 gravidas
578 3181 643 3241 lieri
672 3187 702 3242 et
729 3179 923 3261 hippomanes
951 3180 1107 3243 demittere
1137 3198 1229 3259 equas

86 3293 235 3354 narrum,
265 3282 302 3344 de
324 3283 431 3345 harum
453 3283 554 3344 lurore
578 3283 648 3360 quin
671 3283 759 3343 etiarn
782 3284 936 3361 inpriore
958 3282 1087 3344 editione
1111 3282 1227 3352 dixerit,
1292 3333 1298 3341 .

86 3387 209 3450 dubium
232 3387 355 3448 minime
378 3393 432 3447 est.
484 3383 568 3447 Unde
596 3386 748 3462 sequitur,
779 3393 811 3446 ut
838 3369 978 3446 secundis
1005 3387 1085 3447 curis
1113 3385 1230 3448 additos

86 3508 149 3552 esse
174 3488 213 3549 de
236 3487 370 3550 maribus
393 3488 477 3565 equis
499 3504 603 3548 versus
625 3482 796 3548 250-254
818 3493 996 3556 statuamus,
1026 3504 1101 3565 quos
1130 3496 1229 3550 tamen

86 3589 264 3653 oblitteratis
305 3587 440 3651 versibus
472 3584 535 3649 269
565 3607 608 3668 sq.
644 3591 781 3668 proxime
816 3596 885 3650 ante
921 3607 947 3652 r.
985 3585 1048 3651 266
1085 3589 1232 3652 collocare

85 3691 232 3755 debebant
254 3691 351 3753 amici.
398 3692 537 3754 Ceterum
560 3689 609 3751 hic
631 3707 750 3771 quoque
778 3691 872 3761 idem,
906 3691 986 3771 quod
1015 3709 1070 3770 ego
1101 3692 1170 3776 olim
1199 3693 1229 3754 iu

85 3792 161 3856 lectt.
187 3795 275 3872 Verg.
300 3781 345 3864 6‚'
364 3793 459 3856 sensit
479 3791 693 3873 Peerlkampua
722 3793 864 3855 Mnemos.
889 3793 915 3854 ll
936 3790 1014 3864 251,
1044 3793 1157 3856 scilicet
1183 3795 1229 3855 in·

85 3895 213 3958 iucunde
239 3896 367 3977 repetita
389 3894 512 3956 tlumina
535 3901 564 3956 et
585 3901 703 3957 montes
726 3895 861 3958 versibus
883 3892 946 3958 253
968 3915 1012 3976 sq.
1037 3904 1066 3956 ct
1085 3891 1148 3958 269
1172 3913 1228 3975 sq,
1251 3967 1253 3970 ¹

86 4017 140 4078 quo
164 4005 265 4060 tamen
287 3997 339 4060 ille
362 4004 461 4059 motus
483 4004 537 4066 est,
561 4006 594 4058 ut
615 3996 720 4058 deletis
745 4015 769 4059 r.
791 3994 855 4060 270
877 4014 920 4076 sq.
945 3999 1130 4077 ‘separaum
1155 4042 1163 4060 .
1188 4043 1195 4058 .
1220 4045 1227 4060 .

86 4101 306 4179 continuoque’
335 4117 397 4160 non
418 4099 553 4179 prolecto
575 4098 737 4160 iucundum
759 4118 877 4162 versum
901 4101 1032 4163 alliceret
1057 4099 1137 4162 hunc
1159 4103 1230 4162 ‘tls-

88 4204 213 4272 eauium,
237 4201 330 4263 avidis
352 4199 402 4264 ubi
426 4200 545 4263 subdita
567 4200 685 4264 llarnma
708 4201 883 4272 medullis’,
908 4201 990 4266 hiatu
1013 4201 1155 4283 exemplis
1178 4221 1228 4263 ex·

87 4312 203 4373 cusato,
233 4321 309 4384 quae
332 4301 412 4364 nulla
442 4321 509 4365 esse
535 4305 634 4384 ipsum
663 4305 783 4366 criticae
810 4311 911 4366 textus
937 4306 996 4366 mei
1024 4304 1229 4366 adnotationes

87 4403 215 4467 edocere-
231 4413 380 4486 poterant.
425 4405 521 4468 Etiam
544 4406 580 4466 de
604 4405 741 4468 versibus
763 4403 827 4469 264
841 4426 885 4487 sq.
910 4415 978 4486 post
992 4403 1054 4468 257
1079 4407 1227 4468 collocan-

136 4521 270 4567 eraaracx,
295 4520 454 4557 rnonuuoar.
553 4531 555 4535 Α
1008 4507 1027 4568 3
