2956 4906
588 370 832 414 sansadoniam.
1218 345 1279 410 169

135 541 249 600 tentiae
270 538 425 616 leguntur:
450 557 541 600 unum
564 547 645 600 recte
661 537 905 600 animadvertisse
920 534 1045 605 videtur,
1069 535 1147 616 quod
1164 537 1277 596 ‘surrto'

136 639 187 702 llll
209 638 273 702 624
295 649 470 722 usurpatum
493 642 567 702 iuris
590 659 759 703 sermonem
782 657 887 719 sapere
910 640 1025 700 monuit
1034 639 1073 716 *t

589 881 591 886 ·
657 875 755 964 qm.

226 1051 340 1111 Veliam
356 1051 492 1124 Longum
507 1049 733 1126 grammaticum
750 1048 844 1111 Gellio
862 1048 962 1128 (XVlll
976 1046 1006 1117 9,
1022 1044 1051 1128 4)
1069 1047 1277 1125 antiquiorem,
1354 1119 1356 1134 Ι

135 1151 255 1213 Urbano
278 1159 311 1211 ut
333 1151 460 1212 vidimus
482 1153 689 1230 posteriorem,
713 1152 763 1230 qui
785 1153 903 1229 negavit
925 1157 1189 1213 commentatorem
1205 1149 1278 1209 Ver·

134 1252 195 1331 gilii
218 1255 310 1314 luisse
332 1253 478 1331 Bergkius
505 1254 545 1314 in
564 1253 680 1314 diurnis
708 1251 876 1316 suis1845
902 1273 931 1333 p.
959 1251 1018 1314 117
1048 1250 1163 1330 singula
1195 1252 1277 1311 testi·

40 1427 50 1438 ³
135 1357 233 1416 monia
256 1356 427 1433 gravissima
450 1357 497 1415 vix
519 1356 589 1416 satis
611 1356 777 1434 pensitavit.
808 1355 881 1416 Nam
905 1361 934 1415 et
956 1353 1107 1415 Charisius
1130 1353 1279 1432 expressis

135 1455 234 1517 verbis
262 1475 291 1536 p.
323 1452 384 1518 154
406 1457 438 1519 P.
471 1459 519 1518 ‘iu
549 1455 576 1517 ll
602 1457 780 1528 Aeneidos'‚
814 1457 842 1517 b.
869 1475 894 1518 e.
929 1458 960 1517 in
986 1456 1209 1516 commentario
1242 1452 1278 1514 ad

91 1575 95 1582 ·
134 1553 297 1619 secundun'r
315 1559 478 1628 Aeneidos,
502 1565 627 1620 testatur
653 1556 736 1619 illum
759 1564 990 1620 commentatum
1007 1557 1130 1636 esse**)
1155 1563 1184 1618 et
1200 1555 1279 1634 quod

134 1677 162 1738 p.
187 1655 228 1721 88
251 1660 283 1721 P.
308 1659 355 1720 ‘in
378 1662 419 1721 V'
453 1661 580 1724 eundem
611 1659 757 1741 quandam
792 1661 829 1721 de
860 1659 1009 1721 adverbiis
1041 1659 1172 1737 regulam
1208 1658 1280 1719 dicit

135 1763 316 1841 exposuisse,
340 1763 377 1823 ad
401 1764 496 1843 quinti
518 1762 664 1825 Aeneidos
686 1761 754 1824 libri
777 1781 895 1824 versum
918 1758 990 1831 380,
1013 1780 1101 1841 quem
1125 1763 1188 1840 ipse
1204 1760 1277 1822 Cha-

133 1865 225 1926 risius
255 1865 400 1944 adposuit,
429 1864 498 1926 talia
525 1867 714 1945 praecepisse
736 1864 885 1944 putandus
913 1873 958 1925 est
985 1863 1031 1939 (cl.
1058 1863 1193 1925 Charisii.
1215 1880 1278 1932 exc,

133 1963 196 2028 556
219 1966 254 2026 ll.
278 1967 370 2028 Prisc.
394 1963 456 2028 647
480 1968 511 2029 Ρ.
537 1967 657 2028 Servius
679 1968 750 2029 Aen.
777 1967 799 2025 V
821 1962 886 2028 380
906 1965 1115 2027 Lachmaunus
1137 1964 1173 2026 ad
1189 1964 1278 2025 hucr.

134 2087 163 2149 p.
191 2065 282 2144 146);
308 2087 362 2129 nec
385 2076 435 2129 aut
457 2077 550 2130 artem
574 2076 680 2148 poetae
702 2067 850 2137 laudandi,
874 2070 925 2148 qui
947 2069 1065 2130 Ascanii
1087 2069 1173 2148 pueri
1194 2065 1279 2127 indo·

134 2169 193 2231 lem
206 2179 287 2231 recte
302 2169 597 2251 descripsisset***)‚
615 2178 664 2231 aut
678 2169 911 2231 obtrectatorum
923 2171 1046 2230 crimina
1063 2169 1098 2230 ad
1113 2169 1278 2237 historiam,

135 2291 197 2333 non
217 2271 254 2333 ad
278 2272 429 2333 scribendi
452 2290 549 2351 genus
572 2274 736 2352 spectantia
752 2271 901 2333 refutandi
924 2279 974 2333 aut
996 2272 1032 2332 de
1056 2288 1194 2332 versuum
1218 2271 1279 2329 sin·

135 2373 272 2452 gaiorum
297 2375 376 2435 velut
397 2371 463 2434 xt
489 2381 518 2434 et
540 2374 579 2435 lll
603 2371 644 2436 84
672 2376 817 2435 sententia
847 2371 1016 2452 disputandi
1045 2373 1129 2434 locus
1158 2379 1223 2433 erat
1249 2373 1279 2431 in

135 2475 435 2537 commentationibus
447 2493 529 2536 mere
541 2477 750 2554 grammaticis,
770 2475 874 2556 quales
887 2475 922 2536 de
935 2475 1060 2536 thermis
1072 2475 1205 2544 Titianis
1220 2492 1280 2534 nou

134 2577 251 2647 Titinis,
261 2577 298 2638 de
310 2597 366 2639 usu
378 2580 516 2655 antiquae
526 2576 671 2650 lectionis,
680 2578 717 2640 de
730 2579 939 2659 orthographia
951 2577 1079 2656 denique
1091 2577 1278 2657 conscripsit.

134 2683 257 2740 Aenon
280 2679 399 2741 doctum
422 2680 510 2741 modo
533 2679 584 2740 sed
608 2682 689 2741 omui
711 2680 774 2742 lere
797 2699 832 2741 ex
857 2688 940 2761 parte
964 2682 1127 2759 egregium,
1158 2697 1279 2739 accura-

136 2789 198 2842 tum
222 2787 251 2841 et
272 2781 449 2860 prudentem
472 2789 501 2842 et
524 2781 687 2860 elegantem
710 2782 856 2843 Aeneidos
887 2783 963 2855 (nam
993 2780 1029 2841 de
1060 2783 1168 2842 ceteris
1195 2780 1280 2842 libris

136 2881 208 2943 nihil
233 2883 367 2963 traditur)
391 2886 585 2962 interpretem
609 2882 775 2954 habuerim,
799 2885 850 2964 qui
873 2882 963 2945 Probi
986 2883 1123 2962 evemplo
1146 2882 1182 2944 ad
1206 2882 1277 2945 uhe-

135 2985 232 3044 riores
255 2986 291 3044 de
322 2985 413 3046 rebus
441 2987 569 3048 maxime
597 2987 797 3064 grammaticis
825 2987 1013 3061 quaestiones
1041 2983 1194 3062 digressus
1224 2994 1277 3046 est.

135 3086 235 3164 ltaque
257 3085 294 3146 ad
316 3086 342 3146 ll
368 3086 383 3147 1
406 3087 443 3147 de
466 3087 561 3148 dualis
584 3089 716 3157 numeri,
741 3105 827 3167 quam
850 3086 971 3166 quidam
994 3085 1152 3165 putabant,
1184 3087 1278 3148 torma

135 3183 343 3249 ‘conticuere'
368 3197 397 3249 et
420 3187 566 3250 similibus
589 3189 757 3268 disputavit,
781 3187 817 3249 ad
841 3189 863 3248 V
885 3184 962 3258 380,
992 3186 1041 3248 ubi
1070 3187 1107 3248 de
1137 3177 1291 3249 ‘alacris’'

135 3290 315 3350 nominativo
337 3293 459 3360 monuit,
485 3293 514 3352 in
538 3293 669 3352 rationes
692 3289 898 3350 adverbiorum
920 3292 951 3350 iu
974 3297 1021 3351 ter
1040 3291 1212 3352 exeuntium
1234 3292 1280 3351 in·

135 3391 263 3470 quisivit,
287 3390 322 3451 ad
346 3392 372 3453 ll
396 3389 437 3453 79
459 3392 496 3453 de
517 3392 651 3458 ,adverbii
674 3394 839 3472 ‘primum'
867 3410 925 3451 usu
944 3398 977 3450 et
999 3391 1035 3452 de
1060 3411 1147 3453 versu
1170 3392 1280 3454 Lucre·

139 3561 441 3572 n———---.—----—-

204 3665 231 3728 ¹⁸)
251 3664 363 3715 Servius
376 3665 443 3715 Aen.
463 3665 518 3715 1111
537 3665 587 3715 624
605 3670 668 3715 ‘nec
688 3665 801 3715 foedera
819 3661 911 3730 sunto]
930 3671 1011 3736 sunto
1023 3671 1124 3729 autem,
1144 3667 1163 3716 i.
1185 3681 1208 3718 e.
1226 3667 1283 3717 sint
1394 3658 1401 3670 ⁶

134 3775 168 3785 -·
186 3749 316 3800 Urbanus
334 3749 412 3812 dicit,
431 3749 516 3800 verbo
536 3765 595 3800 eum
614 3751 682 3801 iuris
700 3764 777 3800 usum
796 3754 909 3816 propter
927 3750 991 3799 odia
1008 3750 1197 3802 hereditaria'.

190 3830 232 3895 ⁸)
251 3833 395 3886 Charisius
413 3836 462 3887 154
480 3835 510 3884 Ρ.
529 3839 669 3887 ‘amavere
688 3851 736 3900 pro
756 3838 925 3895 amaverunt,
949 3835 1118 3886 docuero-
1137 3836 1230 3887 dixere
1248 3863 1282 3874 -

135 3919 258 3970 muniere
278 3946 310 3956 -
329 3935 410 3985 quam
428 3919 544 3987 figuram
563 3919 613 3970 alii
631 3919 768 3986 duplicem
787 3920 960 3983 existimant,
980 3922 1012 3971 de
1031 3923 1174 3986 quostiam
1196 3921 1282 3972 Velius

135 4004 240 4070 Longus
257 4007 283 4055 in
296 4005 332 4055 II
343 4005 473 4056 Aeneidos
490 4009 554 4056 ratis
572 4012 748 4057 ooovmeatatur
766 4013 820 4057 eat:
839 4007 997 4057 conticuere
1016 4021 1109 4056 omues
1127 4006 1283 4072 intentique

135 4105 184 4139 ora
202 4091 360 4141 tensbunt’.
396 4090 469 4141 Huic
488 4107 554 4158 ergo
572 4106 622 4142 sna
639 4091 720 4142 debet
740 4093 775 4143 ad
793 4092 860 4162 Aen.
879 4093 907 4142 11
926 4094 939 4141 1
959 4091 1078 4144 Servius.

175 4171 231 4240 m)
251 4175 342 4226 Schol.
356 4176 455 4229 Veron.
469 4176 536 4226 Aen.
551 4177 606 4228 1111
622 4177 669 4227 toa
687 4193 714 4242 p.
732 4179 774 4238 93,
793 4180 826 4228 22
839 4177 872 4228 Κ.
891 4179 967 4228 ‘cotia
985 4184 1059 4243 optat
1069 4193 1168 4242 aprum.
1193 4177 1282 4244 Long.

136 4259 255 4312 indolem
281 4261 358 4326 pueri
388 4260 448 4311 vult
477 4261 638 4326 ostendere,
666 4267 697 4311 ut
725 4264 822 4314 merito
850 4263 879 4312 in
902 4265 940 4314 lx
963 4265 1013 4314 590
1031 4277 1090 4328 sqq.
1128 4263 1281 4312 Numanum

136 4345 273 4396 occidisse
291 4345 443 4396 videatur’.
481 4345 524 4396 cf.
544 4345 669 4397 Servius:
698 4351 745 4399 ‘et
767 4348 837 4398 bene
860 4347 993 4413 puerilem
1012 4347 1133 4397 ostendit
1151 4349 1282 4412 animum,

140 4429 186 4495 qni
203 4445 253 4494 per
270 4430 452 4481 mobilitatem
472 4431 629 4498 frequenter
647 4437 727 4498 optat
744 4433 888 4485 tituenda’.
