2962 4904
543 379 785 421 rrrouutaonenn.
907 391 908 396 ¹
1194 362 1235 427 23

86 550 200 612 cladem
224 549 326 610 delere
349 550 461 610 iussum
477 549 603 609 Aristaei
619 547 746 609 tabulam
770 550 891 611 insertis
914 553 1041 612 rrrarinm
1063 552 1100 612 de
1116 551 1236 632 Orpheo
1335 597 1338 604 .

87 654 222 714 versibus
244 648 413 713 tot—527
437 651 664 721 amoenissimis,
694 651 746 712 scd
771 651 807 712 ad
831 655 929 733 ipsum
953 655 1055 734 operis
1078 652 1235 716 consilinm

85 758 183 817 minus
206 755 384 816 necessariis
400 754 589 814 exornavisse
606 754 729 822 conieci,
755 773 811 814 nec
826 757 908 834 piget
925 759 1115 818 coniecturae
1132 776 1235 838 quaut-

85 860 127 920 ris
149 856 322 937 repudiatae
344 875 361 917 a
382 856 527 917 Laderico
540 854 648 928 ¹annal.
672 853 776 936 philol.
801 856 919 918 Llllllll
933 855 1005 928 464,
1030 859 1078 919 cul
1093 858 1235 940 respondi

86 967 226 1041 quantum
248 957 432 1037 intellegenti
454 956 527 1019 satis
550 955 662 1019 ibidem
678 955 777 1018 LXXV
802 955 851 1020 75.
897 959 993 1038 dique
1017 961 1165 1022 concessit
1179 960 1234 1022 La·

86 1063 205 1124 derieus
228 1062 292 1142 ipse
315 1062 488 1141 nuperrime
511 1061 542 1120 in
566 1077 692 1121 censura
717 1059 957 1123 emendationum
974 1061 1234 1143 l’eerlllampiana-

86 1185 161 1236 rum,
186 1182 273 1243 quam
296 1164 440 1244 gymnasii
455 1161 713 1225 Neostreliciensis
728 1165 942 1242 programmati
958 1183 983 1224 a.
1003 1163 1085 1227 1864
1099 1168 1234 1238 inseruit,

86 1289 115 1349 p.
140 1267 176 1339 3;
201 1267 391 1346 idemquep.
416 1263 458 1326 26
480 1265 702 1335 animadvertit,
732 1264 899 1328 breviorem
929 1275 958 1328 et
980 1267 1234 1348 neglegentiorem

86 1371 132 1432 bic
161 1369 222 1431 illic
251 1366 333 1446 (471.
360 1365 433 1430 454.
462 1364 535 1447 490)
562 1369 766 1429 narrationem
800 1387 875 1430 esse.
932 1369 994 1432 Nec
1021 1369 1235 1452 Peerlkampus

86 1473 228 1534 binemus.
253 1471 279 1532 x
300 1467 364 1532 305
387 1490 430 1550 sq.
454 1471 575 1539 invenit,
601 1487 658 1546 {pm
683 1470 779 1532 relelli
802 1481 902 1552 posset
925 1473 1068 1535 memoria
1090 1471 1148 1534 illa.

169 1575 253 1647 Quae
276 1579 373 1634 autem
397 1580 553 1652 praeterea
577 1571 778 1636 secundarum
801 1593 951 1645 curarum,
982 1592 1056 1652 quas
1079 1573 1234 1637 absolvero

85 1685 181 1739 morte
210 1674 378 1756 prohibitus
406 1683 458 1736 est
478 1682 580 1754 poeta,
612 1675 643 1735 in
670 1677 820 1754 georgicis
848 1669 970 1754 vestigia
999 1676 1233 1756 deprehendisse

86 1779 156 1840 nribi
178 1780 258 1840 risus
282 1796 356 1846 sum,
380 1776 429 1838 hie
450 1788 482 1838 ut
505 1785 535 1836 et
557 1778 739 1855 corrigerem
762 1777 906 1855 quaedam
930 1787 959 1840 et
981 1778 1139 1851 adderem,
1163 1781 1230 1860 ipse

86 1881 233 1968 secundis
247 1881 328 1941 curris
351 1878 512 1960 repetenda
536 1897 601 1940 esse
623 1879 702 1940 duxi.

166 1983 203 2044 Et
224 1984 356 2063 primum
379 1983 542 2061 ‘scriptum
557 1982 588 2042 in
605 1982 733 2060 quodam
749 1984 982 2044 commentario’
1006 2003 1038 2044 se
1062 1987 1234 2065 repperisse

86 2084 198 2147 Gellius
219 2083 256 2146 Vl
281 2083 349 2164 (Vll)
377 2079 420 2144 20
449 2091 550 2144 narrat
577 2099 679 2162 georg.
703 2084 727 2145 ll
751 2081 815 2147 225
845 2103 947 2146 versus
976 2085 1010 2146 ‘a
1036 2086 1165 2165 Vergilio
1193 2089 1232 2148 ila

85 2189 211 2266 perimam
235 2201 302 2248 esse
324 2187 463 2248 recitatos
486 2194 574 2264 atque
597 2185 707 2247 editos:
744 2190 834 2248 tutem
862 2190 946 2250 diues
973 2196 1045 2250 urat
1069 2193 1175 2274 t'upua
1204 2197 1232 2250 ct

86 2293 183 2351 cicino
212 2293 324 2350 Vescuo
346 2289 444 2350 Nola
471 2290 555 2366 iugo,
590 2295 695 2367 postea
726 2288 886 2367 Vergilium
914 2291 1026 2371 petisse
1055 2310 1071 2351 a
1100 2289 1230 2358 Nolanis.

85 2409 188 2470 aquam
213 2393 257 2452 nti
279 2390 403 2451 duceret
424 2391 454 2452 in
477 2391 679 2470 propinquum
701 2409 768 2463 rus,
798 2391 928 2454 Nolanos
951 2391 1129 2454 beneficium
1152 2393 1229 2472 peti·

85 2503 145 2555 tum
168 2512 229 2554 non
252 2495 373 2563 iecisse,
407 2495 692 2573 poetamolleosum
716 2512 824 2556 nomen
854 2494 938 2558 urbis
962 2513 1065 2556 corom
1088 2495 1172 2576 quasi
1196 2513 1231 2556 ex

86 2596 237 2659 bominum
260 2597 417 2666 memoria,
448 2597 491 2656 slc
514 2613 550 2655 cx
573 2598 705 2657 carmine
733 2615 786 2658 suo
816 2597 978 2666 derasisse,
1007 2615 1154 2679 oramque
1176 2617 1231 2679 pro

87 2699 163 2759 :tolo
186 2706 319 2760 mutasse
342 2705 431 2774 atquc
453 2699 494 2758 ita
517 2695 687 2775 reliquisse:
718 2709 747 2760 et
770 2703 869 2762 uicino
897 2702 1009 2760 Vesevo
1037 2715 1105 2761 ora
1128 2705 1230 2779 iugo’.

87 2799 166 2862 ldem
183 2819 220 2862 cx
237 2799 342 2861 eodem
358 2799 439 2861 loute
455 2801 485 2860 in
501 2797 620 2860 brevius
636 2802 782 2862 contraxit
798 2800 1000 2882 l‘lrilargyrins
1019 2801 1164 2864 adnotans
1186 2803 1233 2864 ‘et

87 2902 250 2965 emendarit
271 2905 345 2983 ipse,
369 2903 436 2982 quia
460 2903 570 2962 Nolam
593 2911 743 2981 posuerat.
769 2923 836 2964 tram
860 2911 962 2983 postea
986 2905 1117 2966 oliensus
1141 2906 1232 2966 aNu·

85 3004 164 3078 laois,
190 3006 243 3084 qui
265 3004 361 3067 eidem
385 3023 492 3084 aquam
514 3013 703 3083 negaverant,
728 3024 784 3068 ora
807 3025 861 3086 pro
885 3007 966 3068 Nola
989 3008 1115 3085 posuit’
1165 3007 1230 3069 Nou
1278 3058 1281 3066 .

86 3107 261 3171 ‘laborare'
290 3126 323 3168 se
351 3110 391 3169 ait
414 3106 528 3168 Gellius
556 3108 608 3168 ‘ea
631 3127 681 3170 res
704 3127 813 3170 verane
835 3127 871 3170 an
895 3107 968 3169 lalsa
990 3108 1061 3179 sit’,
1091 3117 1121 3169 et
1143 3109 1230 3170 tidem

85 3199 209 3276 fabellae
237 3211 305 3288 quis
334 3210 422 3272 hodie
451 3210 617 3290 spondeat?
644 3193 759 3273 'Citius
787 3219 888 3272 tamen
923 3212 948 3271 si
975 3209 1173 3289 probabiliter
1202 3220 1231 3271 et

85 3312 172 3374 lulius
195 3313 441 3374 llretzsclrmerus
470 3315 500 3372 in
524 3312 596 3374 diss.
628 3313 664 3374 dc
686 3317 718 3374 Α.
744 3312 830 3374 Gellii
853 3311 984 3374 lontibus
1005 3332 1034 3393 p.
1059 3310 1098 3374 77
1122 3321 1151 3374 et
1175 3311 1228 3373 Ln-

85 3413 206 3478 dovicus
229 3414 411 3476 llerclrllnus
439 3414 535 3476 annal.
562 3413 666 3494 philol.
693 3411 773 3476 1861
797 3435 826 3494 p.
852 3411 913 3476 722
958 3417 988 3477 6.
1013 3414 1118 3477 lulium
1141 3413 1229 3495 Hygi-

83 3535 163 3588 num,
189 3519 315 3595 Augusti
335 3517 474 3579 libertum
498 3515 709 3587 illum‚=0ridii
731 3517 1003 3586 familiarissimum.
1030 3516 1230 3579 bibliothecae

84 3628 180 3680 autem
204 3618 353 3681 Palatinae
375 3621 562 3700 praelectum
588 3619 719 3697 (Suetou.
744 3619 781 3680 de
803 3618 844 3680 ill.
868 3639 912 3699 gr.
936 3615 1001 3698 20),
1035 3620 1086 3700 qui
1108 3627 1229 3700 praeter

82 3723 311 3784 commentarios
334 3721 517 3802 Vergilianus
539 3721 594 3782 ‘de
617 3720 742 3783 urbibus
764 3721 881 3783 ltaliae'
906 3723 1042 3803 scripsit,
1074 3729 1226 3784 auctorem

83 3825 172 3886 lnmse
195 3833 363 3886 statuerunt
388 3825 427 3905 (et
448 3824 586 3905 ridentur
607 3823 794 3904 probabilius
816 3827 954 3887 statuisse
970 3824 1226 3892 lleillerscbeidio,

83 3929 131 4004 qui
155 3928 300 3989 Suetonio
323 3947 377 3989 suo
400 3927 472 3988 baec
495 3945 613 4006 quoquc
637 3924 922 4009 viridicarit11.5l)‚
948 3927 1038 3989 nolim
1056 3936 1135 3989 tanta
1158 3947 1228 3989 con-

84 4031 213 4098 fidentia,
239 4035 348 4106 quanta
370 4037 440 4109 post
462 4029 534 4112 alios
549 4030 586 4090 M.
604 4031 751 4110 Hauptius
773 4030 833 4092 ind.
859 4029 938 4091 lectt.
957 4040 1029 4092 aest.
1052 4030 1182 4093 llerolin.
1201 4050 1226 4092 a.

86 4129 163 4195 1857
179 4151 209 4212 p.
226 4129 284 4210 4*)
304 4133 380 4192 'usus
403 4139 455 4200 est,
480 4142 512 4192 ut
527 4132 685 4238 absurdam
702 4135 857 4213 aspernari
874 4131 1123 4195 narratiunculam
1140 4138 1229 4212 atque

83 4243 145 4252 -...,....
271 4245 318 4250 ...-
340 4245 385 4256 -.⁴¹

149 4285 175 4348 *)
196 4285 250 4347 Qui
270 4299 318 4334 our
337 4286 469 4351 Wagneri
489 4301 568 4350 quam
587 4304 647 4339 meo
666 4288 698 4338 de
719 4288 844 4338 Palatini
863 4287 966 4339 codicis
992 4289 1129 4352 scriptura
1149 4289 1226 4337 testi-

85 4373 174 4420 monio
194 4369 307 4420 eredere
328 4369 458 4420 moluerit
477 4373 585 4423 neseio:
612 4371 724 4436 idacio,
744 4373 846 4424 vidisse
871 4390 913 4426 me
932 4373 1000 4425 Aen.
1020 4373 1072 4426 vn
1093 4373 1141 4424 rau
1160 4372 1227 4423 sori·

85 4460 158 4522 ptum
177 4456 205 4504 in
227 4473 259 4505 co
277 4454 432 4521 buthan,
452 4473 504 4508 nou
523 4457 698 4510 annonae.
