2956 4906
579 373 825 416 raoneooueurt.
1213 348 1272 412 171

130 544 177 603 cui
200 541 238 602 de
261 539 408 620 nymphae
429 539 488 602 llllo
504 539 646 620 Tarquito
667 540 822 620 respondit
832 541 870 618 *).
894 539 1000 601 Merito
1017 537 1160 600 dubitavit
1174 547 1274 600 utrum

130 643 198 704 libri
220 642 245 702 X
269 644 354 704 initio
377 641 466 722 pandi
482 641 625 722 Olympus
647 643 684 703 ad
707 643 883 705 matutinum
908 649 1025 720 tenipus
1048 641 1274 720 significandum

23 767 32 780 ·
130 745 245 807 dicatur
278 763 315 805 an
349 743 524 822 simpliciter
555 751 587 804 ut
615 742 740 805 concilio
768 743 892 805 deorum
920 744 1017 804 aditus
1046 741 1272 822 aperiatur**);

131 864 310 926 quamquam
334 853 363 906 et
385 862 585 924 rerumquae
607 855 749 907 secuntur
771 846 875 908 ordine
899 853 928 907 et
950 847 1026 907 lovis
1050 864 1075 905 v.
1095 842 1153 906 107
1178 843 1275 904 verbis

131 951 226 1026 ‘quae
249 949 355 1026 cuique
379 955 425 1008 est
445 948 563 1009 lortuna
578 949 683 1010 todie’
707 949 897 1014 manifestum
920 948 960 1016 ut,
985 947 1143 1008 crastinam
1167 945 1274 1015 lucem,

131 1069 219 1128 quam
245 1051 374 1128 ingentis
389 1047 515 1110 Rutulae
538 1049 638 1112 caedis
661 1068 783 1111 acervos
806 1055 1007 1129 spectatarum
1029 1067 1096 1110 esse
1118 1049 1276 1110 somnianti

130 1153 247 1214 Aeneae
278 1151 468 1230 praedixerat
495 1170 520 1212 v.
548 1148 612 1212 244
640 1152 838 1231 Cymodocea,
869 1150 956 1212 simul
984 1169 1051 1212 cum
1080 1161 1184 1230 aperto
1208 1169 1232 1209 v.
1258 1146 1274 1209 1

131 1254 257 1334 Olympo
280 1265 376 1314 ortam
400 1271 476 1315 esse.
523 1253 608 1325 Quod
632 1262 714 1314 recte
736 1251 955 1334 perspexerunt
977 1254 1109 1314 Gossran
1131 1259 1161 1313 et
1182 1251 1275 1312 Lade·

131 1359 222 1417 vicus.
273 1354 330 1416 Sed
361 1363 447 1434 poeta
477 1361 644 1436 temporum
672 1357 804 1416 rationes
831 1355 947 1435 planius
976 1353 1104 1416 debebat
1132 1354 1274 1415 indicare.

130 1457 234 1518 Restat
249 1455 391 1518 Macrobii
407 1455 580 1538 locus***),
596 1459 647 1539 qui
663 1457 749 1519 docet
765 1459 895 1536 argutias
909 1457 1043 1537 Longum
1059 1454 1276 1536 interpretandi

130 1561 288 1620 sanissimo
309 1559 418 1620 iudicio
440 1559 560 1638 lugisse.
1136 1545 1141 1558 ⁸

215 1661 266 1722 His
298 1679 369 1722 vero
403 1660 537 1723 frustulis
572 1661 686 1722 accedit
718 1664 834 1740 integer
866 1662 960 1740 Longi
993 1661 1030 1722 de
1065 1659 1275 1738 orthographia

131 1762 264 1832 libellus,
298 1765 348 1842 qui
382 1761 500 1840 qualem
533 1772 639 1842 poetae
670 1769 782 1824 textum
814 1762 986 1843 probaverit
1013 1771 1058 1824 sot
1080 1761 1181 1824 multis
1202 1759 1276 1821 locis

130 1862 297 1925 luculenter
320 1869 455 1925 testatur.
486 1865 545 1926 Sed
567 1864 649 1927 huuc
670 1865 700 1926 in
723 1865 820 1926 iudice
834 1867 1026 1943 grammatico
1049 1883 1116 1927 cum
1130 1862 1275 1924 librorum

131 1967 307 2027 testimoniis
327 1965 488 2029 conleram.

653 2204 677 2286 5
702 2202 750 2266 11.

218 2375 251 2446 Q.
277 2375 448 2436 Terentium
476 2375 626 2437 Scaurum
653 2375 809 2437 ‘Hadriani
839 2374 1024 2456 temporibus
1051 2375 1274 2454 grammaticum

133 2476 176 2536 vel
200 2475 434 2537 nobilissimum'
463 2476 548 2556 (Gall.
572 2477 610 2538 111
638 2475 699 2557 15),
730 2480 780 2559 qul
802 2477 898 2540 Plauti
920 2476 1096 2538 Pseudolum
1127 2477 1274 2556 iuterpre-

132 2583 210 2638 tatus
233 2585 277 2638 est
300 2576 482 2659 (liulinus'p.
505 2574 588 2639 2711
613 2581 644 2642 Ρ.
669 2578 735 2641 5511.
759 2578 922 2641 Ritschelio
944 2579 1064 2657 Parerg.
1087 2575 1171 2658 374),
1195 2597 1275 2638 cour·

200 2815 338 2877 *1851551
358 2817 456 2870 Veron.
477 2817 544 2867 Aen.
563 2817 587 2866 X
605 2819 653 2868 551
675 2819 772 2882 pllio,
792 2818 854 2872 711.
873 2819 978 2884 ‘Lonp
998 2821 1135 2883 quaerunt
1153 2815 1274 2881 quidam,

133 2902 280 2970 qraomodo,
305 2903 328 2951 si
348 2917 380 2952 ex
399 2903 495 2953 Fauno
519 2907 549 2952 ct
570 2903 691 2968 nympha
710 2904 886 2966 5555155511,
909 2902 1035 2953 mortalis
1059 2917 1121 2953 esso
1146 2901 1276 2968 potuerit,

132 2991 274 3050 tamquam
296 3002 350 3036 non
368 2987 456 3051 Eryx,
483 2987 605 3052 Neptuni
629 2991 657 3038 et
675 2987 792 3038 Veneris
814 2985 899 3045 lilius,
926 2987 1079 3038 temen'ab
1097 2985 1217 3037 Hercule
1240 2986 1277 3034 sit

133 3072 256 3136 occisus,
275 3075 324 3122 aut
341 3076 481 3135 tamquam
500 3077 609 3122 constet
627 3073 762 3138 nymphas
780 3072 944 3123 immortalis
961 3071 1027 3123 deas
1047 3074 1133 3125 esse’¹
1171 3068 1276 3132 (delevi

133 3157 229 3222 ‘quia’
248 3160 313 3206 55515
332 3157 478 3218 5155555551)
513 3157 591 3218 Quies
611 3158 709 3222 augeri
728 3162 842 3221 possunt
860 3157 950 3207 Servii
969 3155 1158 3208 adnotatione.

188 3238 235 3307 ⁴²⁴)
255 3240 465 3297 8515175555,
489 3243 557 3292 Aen.
580 3242 637 3292 111
661 3258 687 3307 p.
709 3244 768 3307 102,
786 3243 817 3292 21
837 3241 870 3290 K.
889 3240 1033 3306 ‘panditur
1054 3243 1163 3292 interea
1182 3239 1277 3290 domus
1335 3307 1336 3310 Ἴ

133 3327 331 3392 omnipotentis
349 3326 468 3392 Olympi.
508 3327 598 3392 Long.
621 3332 712 3377 utrum
730 3327 770 3376 sic
787 3324 895 3376 domum
914 3326 985 3376 dixit
1002 3326 1117 3391 aperiri,
1141 3324 1276 3390 quomodo

133 3417 162 3461 st
179 3412 314 3462 Homerus
339 3405 512 3478 χαλκοβατὲς
536 3410 591 3476 aa,
616 3402 778 3478 αὐτόμαται
802 3405 835 3463 dl
858 3401 947 3462 πύλαι
970 3400 1215 3477 pulsaverimus),
1239 3397 1277 3468 ἃς

134 3491 200 3562 ἔχον
217 3485 299 3560 ὧραι,
319 3502 347 3546 51
363 3497 469 3548 Ennius
487 3512 541 3547 non
560 3501 666 3548 tantum
684 3495 806 3572 domum,
830 3495 879 3547 ssd
898 3495 982 3546 etiam
1001 3496 1167 3546 cenaculum
1186 3495 1277 3546 caeli?

136 3597 172 3632 an
190 3597 240 3646 per
257 3581 310 3631 hoc
328 3581 400 3632 diem
419 3581 570 3648 significat:
602 3582 676 3632 iacto
696 3583 769 3631 enim
791 3580 836 3631 die
859 3581 951 3633 omnia
969 3586 1141 3632 reserantur’
1161 3579 1279 3647 (inserui

133 3683 167 3716 cn
184 3672 249 3732 post
266 3665 392 3731 ‘caeli').
422 3665 465 3722 (11,
486 3671 629 3732 praeterea
649 3666 770 3717 Servios.

173 3751 235 3814 m)
254 3750 413 3802 Macrobius
431 3749 489 3806 Sat.
509 3751 552 3801 111
570 3751 595 3814 6,
613 3753 630 3801 u
649 3751 757 3801 ‘eodem
775 3754 868 3802 versu'
887 3748 952 3815 (non
964 3751 1033 3807 51555,
1052 3751 1095 3804 111
1112 3753 1146 3803 89
1163 3750 1212 3803 sed
1229 3751 1277 3801 84:

134 3851 200 3886 saxo
224 3836 380 3886 venerabar
400 3839 507 3886 51555515
529 3840 649 3889 vetusto.
690 3836 753 3900 lege
776 3835 887 3887 ‘eodem
905 3835 981 3887 looo'
1004 3836 1050 3887 vel
1072 3836 1186 3901 ‘libro')
1205 3841 1277 3886 ‘non

133 3919 315 3971 omittendum
334 3925 414 3986 puto,
438 3933 488 3970 cur
508 3935 575 3971 sumo
592 3927 688 3972 vetusto
706 3921 807 3971 dixerit
829 3925 984 3972 extructum
1006 3919 1147 3987 templum.
1190 3922 1278 3972 Velius

134 4007 238 4069 Lonpns
268 4006 423 4057 immutatio
442 4009 497 4068 551,
523 4005 628 4071 inquit,
655 4005 786 4070 epitheti:
814 4006 874 4058 volt
897 4005 968 4056 enim
992 4006 1084 4058 dicere
1105 4011 1277 4058 vetustatem

132 4089 242 4154 templi,
280 4087 359 4140 hunc·
375 4090 461 4151 mulin
477 4090 528 4141 alil
552 4095 782 4142 commentatores
800 4091 889 4141 secuti
913 4095 988 4152 sunt,
1012 4091 1061 4142 sed
1083 4079 1214 4158 frigidum'
1233 4097 1277 4141 551

136 4174 258 4224 aedilicii
277 4179 397 4226 aetatem
416 4179 524 4226 notare.
558 4175 690 4242 Epaphus
709 4182 812 4239 antem,
830 4177 873 4226 vir
891 4175 1024 4240 plurimas
1043 4177 1184 4238 1551155515,
1204 4177 1276 4228 111555

134 4261 251 4325 septimo
269 4259 375 4311 decimo
393 4261 435 4310 ait
451 4259 568 4326 Delphis
586 4261 702 4327 quodam
721 4266 842 4327 tompore
861 4262 1003 4312 evenisss’
1022 4277 1045 4312 5.
1064 4277 1089 4326 q.
1109 4277 1131 4315 s.
1172 4260 1277 4312 Eadem

134 4345 169 4394 551
187 4346 300 4397 verbum
318 4347 377 4396 1555
402 4345 519 4396 redeunt
541 4345 616 4412 apud
632 4345 759 4397 Serrium
783 4347 817 4396 551
835 4346 903 4401 Aen.
921 4345 964 4397 111
985 4347 1032 4399 et:
1056 4346 1092 4396 ci.
1114 4345 1186 4396 idem
1211 4345 1245 4398 ad
1263 4345 1277 4396 1

134 4433 183 4483 375
202 4436 231 4482 51
248 4431 314 4482 VIII
332 4433 391 4486 418,
415 4419 546 4499 Epaphus
564 4430 612 4483 ills
631 4432 693 4498 quis
711 4432 796 4483 tuerit
813 4433 917 4486 nescio.
