2956 4906
568 347 812 393 eaoucoouurvn.
1010 375 1012 379 -
1202 328 1261 392 181

201 517 356 582 Communi
379 537 470 580 sensu
491 520 549 580 nisi
573 518 730 580 destitutus
746 518 860 586 luisset,
885 535 943 578 non
959 517 994 579 ad
1012 517 1259 597 simplicissimam

114 621 291 682 sententiam
320 637 366 699 ge.
395 617 508 681 11412
538 620 675 681 ‘laudato
704 621 834 698 ingentis
863 637 948 688 rura,
982 619 1120 697 exiguum
1155 620 1257 679 colito’

30 777 32 780 ,
114 721 315 782 adnotarisset
343 721 490 783 laudanda
527 721 621 781 videri
643 719 806 789 latifundia,
837 719 931 801 ‘quod
967 722 1055 781 etiarn
1089 739 1149 781 non
1183 719 1260 780 culta

114 831 267 903 praestant
289 822 397 903 aliquid
421 823 573 893 domino',
597 839 653 882 nec
676 820 875 892 dubitavisset,
901 823 985 883 cuius
1008 820 1181 902 apartibus
1203 825 1260 882 Ar-

113 944 188 986 runs
210 927 342 986 stetisset
365 925 495 1002 (Servius
515 923 555 984 ‘ad
577 925 648 984 Aen.
672 923 712 984 lll
734 920 796 984 762
818 932 849 984 et
869 921 953 1002 592),
976 942 1032 984 nec
1054 923 1088 984 ad
1111 925 1172 984 Aen
1208 923 1260 984 llll

112 1023 176 1088 529
198 1045 243 1105 sq.
267 1027 359 1086 Turni
390 1035 490 1086 atavos
519 1033 548 1084 et
576 1043 645 1086 aros
673 1024 807 1101 intellegi
829 1027 972 1094 iussisset,
997 1044 1034 1086 ne
1057 1045 1082 1085 v.
1106 1021 1167 1086 638
1191 1045 1257 1085 nar·

113 1135 195 1189 raret
217 1129 315 1188 sorori
331 1127 450 1188 Trvrnus
473 1144 549 1206 quae
572 1135 658 1205 poeta
683 1126 867 1204 neglegentia
890 1127 1014 1207 quadam
1033 1134 1171 1187 tacuerat.
1201 1126 1261 1186 Nec

114 1229 195 1290 tilum
219 1229 399 1290 narrationis
424 1229 519 1289 tonuit
542 1229 593 1305 qui
620 1235 719 1307 raptas
742 1228 795 1288 ‘ab
819 1230 983 1306 armigero'
1008 1229 1105 1290 lrastas
1126 1228 1260 1288 Turnum

114 1331 152 1392 lX
175 1328 237 1392 ‘163
268 1339 407 1409 torquere
436 1330 569 1398 tinxerit,
604 1331 761 1396 immemor
789 1330 883 1392 solum
914 1337 943 1388 et
971 1331 1059 1390 sociis
1087 1328 1259 1390 destitutum

114 1447 215 1507 regern
244 1433 273 1492 in
305 1437 407 1510 portas
434 1431 580 1508 irrupisse
608 1430 656 1507 (ci.
681 1427 752 1492 729.
778 1427 848 1492 758.
873 1429 943 1492 783.
968 1427 1030 1492 815
1053 1431 1138 1509 sqq).
1188 1431 1259 1490 Pcr-

115 1551 200 1593 verse
223 1531 300 1592 idern
316 1535 388 1593 Aen.
412 1531 451 1592 lll
473 1529 536 1592 675
557 1536 743 1594 commissam
758 1532 892 1593 Pandaro
917 1541 946 1594 et
961 1532 1055 1592 Bitiae
1077 1540 1193 1610 portam
1216 1534 1260 1594 in·

114 1633 240 1704 tellerM,
275 1632 354 1713 quod
387 1632 492 1710 falsum
523 1651 588 1694 esse
617 1637 679 1712 ipsa
712 1633 800 1694 verba
829 1635 950 1696 docent:
986 1652 1045 1694 uon
1081 1635 1159 1694 enirn
1188 1633 1262 1694 dixit

113 1742 200 1812 pocta
224 1735 279 1797 tibi
299 1733 344 1793 vel
366 1737 441 1810 ipsis
462 1737 661 1804 commissam,
692 1734 743 1796 sed
767 1738 846 1796 iuxta
868 1737 975 1814 positis
1003 1735 1014 1765 ‘
1022 1742 1152 1814 portam,
1184 1753 1260 1814 quae

115 1883 172 1898 ...
196 1840 364 1908 commissu,
389 1839 566 1898 recludunt’
590 1837 666 1896 cavit
688 1847 720 1896 ut
743 1837 877 1898 redirent
899 1836 1008 1914 legenti
1031 1839 1062 1896 in
1084 1838 1259 1897 memoriam

114 1957 190 2019 quae
213 1957 238 1997 v.
262 1933 306 1998 40
327 1956 392 2017 sqq.
417 1938 454 1998 de
478 1937 625 1997 conclusis
641 1938 757 1998 Aeneae
771 1939 896 2017 imperio
913 1940 991 2000 intra
1006 1944 1108 2017 portas
1124 1937 1260 1998 Troianis

114 2049 232 2100 narrata
256 2047 335 2100 sunt.
380 2039 464 2109 Quod
487 2047 568 2099 recte
592 2038 662 2100 olirn
691 2039 938 2100 animadverterat
961 2021 1134 2107 Cornutus,
1155 2041 1201 2099 cui
1230 2046 1259 2098 ct

112 2143 245 2203 Donatus
268 2150 298 2200 et
325 2143 509 2202 recentiores
538 2139 656 2218 quidam
687 2147 935 2201 courmentatores
967 2159 1073 2219 parere
1101 2139 1257 2201 debebant.

112 2243 175 2304 Nisi
198 2243 275 2303 lorte
298 2241 394 2302 noluit
416 2241 465 2301 ille
488 2260 589 2301 verum
614 2241 723 2310 videre,
747 2249 779 2301 ut
802 2239 925 2302 baberet
947 2241 1132 2321 vituperandi
1156 2249 1259 2320 poetae

112 2345 284 2411 materiam,
314 2350 347 2404 ut
374 2329 425 2422 qui
454 2343 593 2403 custodes
620 2349 774 2421 portarum
799 2342 894 2403 Bitian
918 2352 948 2402 et
970 2342 1137 2404 Pandarum
1166 2344 1259 2404 iactos

112 2464 203 2524 supra
226 2463 465 2505 commemorare
488 2434 676 2522 neglexisset.
699 2491 701 2494 .
721 2444 793 2505 Navn
818 2443 1046 2506 obtrectatorem
1064 2445 1109 2505 vel
1124 2447 1257 2524 iniquum

112 2545 159 2607 vel
182 2545 305 2608 stultum
330 2547 418 2606 etiam
442 2545 507 2606 aliis
529 2546 602 2605 locis
625 2546 827 2624 agnoscimus,
859 2546 910 2607 ubi
933 2565 992 2607 non
1016 2549 1219 2606 nrinusrecte
1242 2567 1257 2606 a

20 2723 23 2730 ¹
112 2649 216 2710 Servio
238 2648 393 2706 refutatur.
440 2647 590 2709 Calumnia
614 2648 691 2707 enim
716 2655 759 2707 est
782 2646 861 2726 quod
884 2646 920 2708 ad
947 2646 1046 2709 x331
1073 2648 1257 2709 ante‘dicto-

112 2767 179 2811 rum
199 2747 322 2809 oblitum
340 2766 406 2808 esse
421 2747 582 2825 Vergilium
600 2748 763 2818 adnotavit,
788 2757 818 2808 et
833 2747 962 2809 absurde
978 2751 1152 2829 vituperavit
1167 2749 1203 2810 ad
1220 2751 1257 2810 lll

110 2846 190 2918 318,
221 2848 299 2926 quod
328 2855 485 2927 praesente
508 2849 610 2911 'lurno
633 2848 808 2910 Rutulorum
833 2867 903 2927 ager
926 2867 948 2909 a'
964 2850 1069 2911 Latino
1097 2851 1258 2912 donaretur

111 2959 238 3020 Aeneae,
270 2968 358 3028 quern
382 2959 480 3011 tamen
504 2969 541 3010 ne
562 2954 628 3029 ipse
651 2950 769 3026 quidem
793 2952 822 3009 in
846 2951 1025 3011 Rutulorum
1049 2951 1173 3019 linibus,
1204 2947 1267 3012 sev?

111 3053 251 3121 Clarano,
280 3050 373 3111 nobili
395 3070 467 3112 sane
490 3051 630 3113 Martialis
653 3060 788 3130 ternpore
815 3047 1060 3132 grammaticam,
1089 3073 1180 3132 pravo
1212 3055 1255 3113 iu·

111 3149 188 3213 dicio
212 3152 383 3214 adsentatus
413 3156 442 3213 in
467 3153 625 3232 Campania
656 3155 733 3214 iuxta
758 3154 895 3214 Ulentenr
925 3153 1048 3214 fluvium
1077 3156 1168 3214 luisse
1197 3163 1254 3214 sta·

111 3261 208 3314 tuerat
230 3253 265 3330 apd
289 3273 314 3312 v.
338 3251 408 3314 616.

194 3356 268 3415 ltem
298 3353 531 3416 obtrectatorum
569 3355 731 3416 maledictis
760 3353 1009 3430 (Macrob.124,
1035 3354 1064 3434 'll
1094 3356 1184 3417 stulte
1211 3360 1255 3418 in·

111 3456 238 3517 haerens
261 3474 299 3515 ne
320 3455 456 3516 adulteri
484 3457 599 3517 scilicet
626 3455 685 3516 lilio
710 3459 808 3518 Venus
841 3475 922 3518 arma
951 3459 1068 3536 peterat
1095 3465 1167 3519 Aen.
1193 3460 1254 3519 Vlll

110 3554 174 3617 373
197 3573 273 3634 sqq,
297 3563 365 3616 ante
388 3558 608 3618 matrimonium
633 3577 699 3618 curu
718 3557 845 3618 Volcano
867 3559 971 3620 initum
988 3560 1131 3620 Anchisae
1155 3579 1256 3620 amove

109 3677 192 3719 usam
213 3659 333 3718 Aenean
357 3660 495 3740 genuisse
518 3658 641 3720 ridicula
666 3658 826 3720 subtilitate
855 3661 948 3721 finxit,
1000 3661 1083 3732 Quod
1112 3669 1256 3723 ulceret

177 3962 199 4026 ³¹)
219 3962 314 4024 ‘Quod
342 3965 427 4012 ctiam
451 3963 584 4014 Clanarius
613 3965 667 4014 ait’
695 3963 806 4014 Servius
837 3963 981 4014 Parisinus
1009 3967 1084 4016 ⁷929.
1132 3968 1255 4018 Cim-auur

109 4047 181 4096 coni.
195 4047 325 4098 Osannus
343 4047 372 4097 iu
390 4048 477 4112 symb.
494 4047 549 4098 litt·
561 4047 588 4097 ΙΙ
601 4045 659 4112 329,
679 4051 709 4098 ut
725 4049 764 4098 sit
779 4046 851 4098 idem
865 4049 952 4114 quiin
965 4049 1127 4100 Horatianis
1140 4052 1254 4102 scholiis

109 4130 144 4181 ad
162 4146 243 4181 serm.
262 4131 288 4181 11
306 4135 330 4192 3,
349 4131 382 4181 82
400 4131 434 4180 de
448 4131 580 4196 Anticyra
599 4132 699 4199 oppido
712 4137 831 4183 testatus
844 4149 904 4184 esse
919 4133 1015 4199 fertur,
1036 4150 1169 4201 quemque
1182 4137 1255 4186 inter

108 4214 283 4265 doctissimos
306 4219 536 4267 commentatores
553 4217 693 4268 Martialis
711 4219 735 4267 X
754 4221 794 4278 ul,
814 4221 830 4268 2
854 4223 882 4270 et
900 4219 1036 4270 Ausonius
1060 4220 1140 4284 epist.
1160 4221 1253 4270 XVllI

108 4301 141 4350 26
160 4305 314 4365 numerant,
333 4300 381 4351 ille
395 4302 503 4367 quidem
519 4317 578 4352 curn
590 4302 715 4353 Modesto
729 4304 884 4367 conferens,
904 4305 949 4354 nio
962 4304 1030 4356 adeo
1044 4309 1109 4356 arete
1121 4304 1253 4358 Scaurum

107 4385 224 4456 Asprum
241 4386 392 4440 Varronem
412 4385 553 4440 Cratetem
572 4401 796 4448 commemorans,
