2956 4906
214 345 274 410 168
666 370 909 413 raonsconnuur.

212 535 376 614 gravidas’.
421 536 515 616 dique
538 538 658 598 ornnino
681 545 823 616 quantum
848 557 884 598 ex
906 535 1008 618 paucis
1030 557 1102 599 sanc
1124 539 1260 606 frustulis
1276 539 1357 599 coiti-

212 656 283 715 gere
306 637 389 707 licet,
419 657 524 717 parum
550 638 594 700 voi
618 639 800 720 explicandis
823 641 867 701 vel
890 639 1083 702 restituendis
1106 633 1225 719 Vergilii
1249 643 1355 702 carmi·

214 739 301 818 nibus
323 739 472 820 profuisse
496 741 621 803 videtur.
673 743 746 804 Nam
769 763 806 812 ne
830 741 910 805 iilum
934 742 1050 822 quidem
1074 745 1252 804 narrationis
1275 751 1358 804 reete

212 845 316 912 tenuit,
341 842 419 923 quod
434 845 506 905 den.
532 843 556 903 Χ
578 841 639 904 661
663 843 729 904 ‘iiie
752 852 849 906 autem
872 848 1009 905 denean’
1033 843 1089 922 tegi
1113 843 1253 924 voluit*),
1277 845 1357 906 unde

211 951 358 1005 servatum
375 944 490 1006 videtur
514 947 590 1023 quod
614 948 643 1007 in
667 948 721 1007 PR
744 954 823 1007 extat
845 946 1002 1008 AENEAN.
1047 946 1230 1026 Quamquam
1253 948 1352 1008 inesse

212 1048 244 1106 in
274 1043 388 1124 vulgato
420 1055 503 1108 textu
531 1047 642 1128 aliquid
671 1045 825 1110 turbarum
854 1051 949 1110 sensit
971 1049 1116 1128 proiectu.

296 1147 428 1210 Alterum
462 1148 608 1229 quendam
642 1149 739 1211 locum
775 1151 857 1230 (deu.
881 1150 932 1210 liti
960 1147 1023 1212 548
1051 1151 1124 1231 sep),
1159 1153 1207 1211 cui
1233 1135 1266 1210 'et
1298 1152 1356 1230 ipsi

214 1250 443 1330 transponendis
465 1251 598 1313 versibus
620 1251 785 1313 remedium
809 1250 939 1322 adhibui,
966 1252 1047 1312 vaide
1070 1253 1226 1314 artificiosa
1241 1255 1358 1313 ratione

211 1354 356 1422 tractavit,
372 1355 508 1423 manime,
521 1355 552 1413 ni
567 1352 660 1423 iaiior,
687 1361 718 1414 ut
732 1356 931 1435 praesentium
950 1361 1117 1434 temporum
1133 1359 1253 1416 ‘oneras
1270 1365 1359 1434 atquc

176 1471 182 1483 ·
213 1453 323 1515 obicis'
347 1473 432 1517 usum
456 1455 687 1534 vindicaret**).
734 1456 794 1517 Nec
817 1437 909 1534 magis
932 1455 1097 1535 probabilia
1126 1475 1199 1537 quae
1228 1455 1265 1516 de
1288 1475 1359 1536 pro·

213 1556 384 1618 nuntiandis
410 1575 466 1637 per
494 1559 758 1636 interrogationem
788 1560 860 1621 den.
884 1557 933 1619 Vii
961 1555 1103 1635 556***)
1133 1567 1162 1618 et
1188 1558 1225 1618 du
1254 1558 1360 1618 distin·

213 1658 329 1737 guenda
362 1660 495 1720 oratione
529 1658 565 1720 {X
601 1656 703 1740 391†)
738 1661 838 1729 suasit,
874 1677 1052 1740 quamquam
1085 1659 1135 1721 hio
1170 1658 1237 1721 aliis
1270 1658 1360 1740 paulo

215 1759 391 1841 prudentior
414 1761 485 1822 Niso
509 1759 665 1822 ierborum
689 1779 811 1822 suorum
834 1769 949 1840 partem
972 1761 1075 1822 saitem
1099 1763 1235 1823 restituit.

301 1861 430 1923 Subtiies
454 1862 596 1932 eiusdem,
620 1862 672 1923 scd
695 1871 793 1924 umen
817 1882 876 1923 non
893 1881 979 1924 verae
1002 1863 1038 1924 ad
1062 1860 1193 1924 1111384
1215 1863 1251 1924 do
1275 1864 1362 1924 ‘atris

215 1961 415 2046 ignibus'††)
445 1971 474 2024 et
502 1963 538 2027 ad
563 1964 614 2024 iiii
637 1962 703 2025 469
731 1964 767 2024 de
796 1963 962 2044 agminibus
986 1964 1180 2026 Eumenidum
1190 1961 1269 2045 ᾖ)
1293 1983 1361 2060 sen·

278 2217 314 2286 i)
333 2220 445 2271 Servius
464 2221 531 2272 Aen.
544 2221 568 2270 X
582 2222 630 2273 ott
650 2223 727 2270 ‘iiiam
745 2227 827 2271 uatem
846 2224 898 2273 ete.
919 2221 961 2270 sie
980 2221 1087 2282 melius,
1107 2234 1187 2284 quarn
1206 2221 1278 2269 sicut
1296 2234 1361 2270 nou-

216 2306 285 2356 uulii
304 2305 408 2356 volunt.
450 2305 577 2356 Urbanus
596 2319 714 2370 nemque
734 2305 774 2354 sio
792 2304 874 2371 legit:
902 2306 945 2355 itte
967 2313 1048 2356 autem
1067 2307 1173 2355 Aenean
1191 2304 1362 2354 absentemur

214 2394 314 2456 proelia
331 2396 421 2456 poscit,
446 2395 476 2440 ut
500 2391 600 2442 ‘obvia
618 2419 648 2426 -
668 2391 763 2440 morti’
786 2389 819 2440 de
837 2391 932 2440 nautis
949 2390 979 2440 in
996 2391 1062 2441 nari
1081 2390 1201 2440 inventis
1220 2388 1362 2453 inteiliga-

216 2493 288 2539 mus‚
312 2475 383 2540 quod
405 2491 460 2525 uon
482 2476 617 2541 procedit.
663 2491 724 2525 num
748 2474 848 2525 absens
871 2474 973 2525 dicitur
991 2476 1038 2539 qui
1056 2475 1175 2539 recedit,
1200 2475 1271 2540 quod
1289 2489 1363 2524 nunc

217 2563 309 2612 Turno
330 2559 465 2625 congruit,
485 2561 678 2618 condensae,
698 2561 744 2625 qui
762 2560 879 2610 interest
897 2560 1036 2624 proeliis’.

271 2643 837 2711 ”)ServiusAen.1111548‘Urbanns
861 2644 913 2695 hoo
936 2643 1049 2707 dividit,
1072 2644 1141 2695 iicet
1164 2643 1213 2694 ulii
1237 2645 1364 2710 iungant,

217 2737 245 2784 et
263 2729 323 2782 vult
340 2730 412 2780 huuc
437 2744 498 2780 esse
523 2744 646 2780 sensumr
674 2734 703 2779 tu
731 2729 894 2794 persuasisti
916 2734 947 2778 ut
968 2729 1113 2792 naborem,
1141 2729 1218 2779 victa
1239 2728 1364 2779 lacrimis

218 2817 298 2874 meis,
322 2819 352 2865 tu
377 2815 459 2864 etiam
484 2830 555 2865 nuuc
579 2815 683 2864 mobis
707 2830 805 2864 oneras
824 2813 913 2864 mulis.
954 2830 1018 2864 nam
1042 2829 1083 2864 me
1103 2813 1166 2866 olim
1185 2814 1361 2871 occidissem,

217 2901 316 2951 uisite
335 2900 461 2950 deserere
480 2899 682 2951 formidarem’.

255 2982 312 3051 Ψ)
331 2984 443 3036 Servius
457 2987 525 3038 Aen.
538 2985 591 3036 VII
609 2985 659 3036 556
678 2984 817 3034 ‘Urbanus
836 2989 930 3035 tamen
948 2988 1035 3035 totum
1054 2985 1126 3034 hunc
1145 2983 1235 3034 locum
1254 2999 1303 3049 per
1320 2984 1364 3033 in-

218 3071 433 3136 terrogationem
451 3070 512 3119 vult
539 3071 641 3136 accipi:
670 3077 796 3120 terrorum
823 3077 847 3120 et
872 3069 975 3128 fraudis
1001 3068 1100 3119 abunde
1127 3071 1183 3119 est?
1208 3075 1278 3118 stunt
1307 3069 1367 3120 betti

217 3157 330 3207 causae?
353 3161 383 3204 ut
401 3155 481 3220 qussi
499 3170 548 3219 por
565 3154 780 3219 gratulationem
799 3170 853 3203 non
867 3153 963 3204 credat
975 3154 1048 3204 sicut
1059 3153 1129 3204 iilud
1141 3153 1278 3204 Terentii:
1298 3155 1365 3218 quis

223 3241 285 3308 plus
304 3239 410 3306 cupio'‚
431 3240 536 3289 ‘minue
555 3241 651 3305 cupio'
671 3237 721 3302 (ef.
741 3239 849 3304 adelph.
868 3239 925 3289 IIII
944 3238 968 3301 5,
987 3238 1041 3303 64).

285 3324 315 3390 †)
335 3325 447 3375 Servius
459 3325 527 3377 Aen.
541 3325 579 3374 IX
594 3326 641 3375 391
656 3327 717 3374 ‘iter
734 3340 805 3374 omne
823 3326 965 3380 resoluens:
984 3322 1111 3373 Urbanus
1124 3323 1263 3389 hucusque
1278 3326 1366 3377 rerba

217 3411 280 3462 Nisi
298 3410 360 3460 ruit
378 3425 453 3472 esse,
479 3409 528 3458 ciii
555 3413 655 3474 poetae
680 3409 747 3457 dant
769 3424 859 3458 rursus
877 3435 909 3446 -
927 3411 1056 3458 resoluens
1079 3405 1195 3473 [scitaris
1216 3411 1309 3466 silone:
1335 3415 1367 3460 ut

218 3496 301 3547 Nisus
321 3500 534 3560 ‘usquequaque
554 3493 791 3572 sequar’·dixisse
810 3490 974 3558 videatur]’,

270 3578 320 3642 ††)
341 3578 453 3628 Servius
465 3580 533 3628 Aen.
553 3577 608 3628 1111
626 3579 676 3628 384
694 3583 811 3642 ‘sequar
828 3579 893 3627 atris·
910 3579 1021 3644 ignitum
1041 3578 1091 3628 alii
1110 3578 1243 3628 furiarum
1256 3579 1366 3632 facibus

221 3664 316 3714 dieunt
332 3647 375 3698 ⁵-
402 3662 453 3712 aiii
480 3663 613 3713 sociorum
642 3689 674 3698 -
701 3662 798 3714 meiius
825 3667 918 3728 tamnen
942 3669 986 3713 est
1008 3669 1039 3713 ut
1057 3664 1206 3714 secundum
1224 3663 1366 3715 Urbanum

209 3748 392 3813 *accipiamus
410 3751 476 3798 atris
493 3748 591 3812 ignibus
609 3747 765 3813 rogalibus,
790 3750 835 3812 qui
854 3749 908 3798 visi
926 3751 1119 3813 tempestatem
1138 3747 1311 3813 significant,
1336 3755 1368 3799 ut
1435 3789 1438 3796 r

220 3833 343 3896 Aeneae,
362 3833 435 3881 sicut
452 3834 480 3882 in
499 3834 593 3897 quinto
612 3830 655 3898 (7)
673 3831 800 3898 legimus,
819 3834 944 3898 contigit.
974 3833 1026 3883 hoc
1045 3847 1110 3899 ergo
1128 3847 1201 3882 nunc
1219 3826 1291 3896 quod
1307 3833 1367 3884 iac·

221 3923 277 3966 turn
297 3921 340 3967 est
357 3917 440 3979 dicit,
465 3918 483 3969 i.
503 3933 526 3970 e.
547 3916 669 3967 occidam
690 3933 732 3966 me
753 3921 781 3966 et
798 3917 940 3983 rogalibus
964 3923 991 3967 te
1010 3932 1162 3983 persequar
1179 3917 1310 3967 flammis’
1330 3919 1367 3968 oi.

220 4003 293 4052 idern
313 4002 348 4051 ad
365 4003 389 4051 V
408 4004 431 4053 7.

251 4086 321 4150 †††t
342 4085 453 4137 Servius
472 4087 539 4136 Aen.
559 4088 682 4138 1111469
700 4087 892 4138 ‘Eumenidum
912 4115 943 4124 —
962 4086 1038 4137 videt
1055 4083 1164 4153 agmina]
1184 4091 1232 4136 aut
1250 4087 1369 4153 impetus

223 4177 272 4224 ant
295 4171 442 4223 secuudum
460 4172 602 4222 Urbanum
627 4173 739 4237 agmina
762 4174 941 4238 serpentium.
985 4170 1043 4238 [aut
1066 4171 1213 4222 secundum
1238 4173 1369 4236 quosdam

223 4259 286 4323 qnia
304 4257 416 4308 habitus
435 4272 527 4308 esrum
547 4261 575 4308 et
592 4256 676 4307 sibila
693 4258 877 4323 serpentium,
900 4257 1000 4323 quibus
1023 4257 1139 4307 crinitae
1158 4261 1222 4306 sunt
1239 4257 1369 4308 Eumeni-

222 4343 279 4402 des,
298 4342 400 4393 iacicm
419 4343 538 4408 agminis
557 4343 700 4408 praebent,
718 4340 763 4394 rel
783 4342 847 4406 quia
865 4341 957 4406 piures
975 4341 1066 4392 furiae
1085 4345 1225 4407 putantur,
1244 4341 1290 4393 voi
1304 4344 1369 4408 quia

223 4428 335 4479 furiosis
353 4443 401 4493 pro
421 4427 509 4478 tribus
527 4427 618 4492 plures
638 4425 803 4493 videnturJ'.
