3038 4912
571 366 816 412 naonucouans.
1224 341 1265 410 75

117 536 336 600 versiculorum
361 533 529 599 128-130
551 545 652 598 ternas
674 537 838 598 sententias
860 535 1123 616 complectentium
1145 535 1263 597 conion-

116 642 209 702 mitas
231 639 415 720 displicebat.
447 637 505 699 Sed
529 655 594 700 cam
617 638 744 700 sortasse
766 639 861 718 ipsam
885 645 972 718 poeta
994 638 1191 700 adfectaverat
1216 638 1265 719 (ci.

116 740 186 804 290
208 761 251 822 sq.
277 742 301 803 ll
323 738 459 822 24-26)
482 759 539 801 nec
566 739 759 801 dubitandum
789 742 861 820 quin
888 739 1020 819 intellegi
1048 740 1172 803 voluerit
1199 760 1265 803 sur·

119 845 238 906 rexisse
260 851 380 905 ventum
403 844 502 905 statim
525 842 575 909 ubi
597 841 751 920 liquerunt
777 849 896 921 portum
924 841 1090 923 pelagoque
1117 843 1263 905 volarunt.

196 945 430 1027 inpeditissimus
443 951 489 1006 est
499 945 535 1006 de
543 943 638 1024 Scylla
646 951 675 1006 et
682 942 918 1024 Charybdilocus
928 941 1092 1026 (684sqq.),
1102 945 1267 1024 quidignus

120 1049 253 1125 Vergilio
276 1047 380 1111 baberi
402 1067 462 1109 uon
483 1054 596 1127 potest,
629 1048 685 1107 nisi
707 1046 872 1126 simplicem
901 1065 934 1108 ac
957 1065 1057 1108 veram
1086 1049 1265 1109 sententiam

119 1151 210 1213 claris
241 1152 416 1228 usitatisque
438 1148 537 1211 verbis
565 1167 737 1228 expressam
765 1147 874 1210 elicere
901 1150 1068 1227 contigerit.
1113 1150 1206 1228 lgitur
1234 1159 1267 1211 ut

119 1255 160 1314 de
183 1253 281 1315 verbis
303 1255 434 1333 primum
457 1253 563 1322 (licam,
594 1253 689 1312 ‘iussa
710 1258 830 1313 monent
851 1249 975 1312 lleleui'
999 1269 1066 1312 cum
1090 1253 1263 1313 accusativis

120 1355 268 1436 ‘Scyllam
292 1363 380 1434 atque
403 1353 588 1435 Charybdin'
613 1355 752 1432 coniungi
774 1371 833 1415 nou
856 1360 997 1433 possunt:
1023 1362 1146 1415 monent
1169 1355 1265 1414 socios

120 1463 161 1521 de
183 1459 322 1519 monstris
344 1455 401 1518 illis
423 1456 469 1517 vel
492 1463 615 1517 monent
635 1458 747 1517 instare
770 1454 815 1516 vel
832 1473 936 1518 cavere
952 1462 1109 1535 utramque
1132 1465 1264 1520 monent.

121 1562 169 1624 Nc
192 1559 285 1622 multo
306 1559 422 1621 facilius
444 1558 565 1637 quidem
595 1559 718 1622 ‘cantus
746 1561 883 1618 monete'
908 1557 957 1619 Vll
979 1554 1159 1634 editions
1187 1576 1267 1619 eom-

120 1663 292 1724 mendatur.
337 1661 422 1734 Qttod
445 1667 544 1722 autem
566 1661 597 1722 in
621 1667 723 1721 nostro
752 1659 828 1722 libro
855 1659 945 1740 paulo
972 1667 1040 1739 post
1063 1677 1087 1719 v.
1112 1657 1175 1721 712
1196 1660 1268 1738 legi·

121 1783 190 1826 mtts
222 1765 308 1825 ‘cum
336 1762 428 1825 multa
456 1761 606 1824 horrenda
635 1766 789 1823 moneret'
823 1769 893 1824 nota
923 1769 966 1823 est
989 1764 1126 1824 neutrius
1149 1765 1269 1841 generis

121 1867 249 1928 lieentia.
295 1865 357 1927 Nec
379 1882 454 1943 quos
478 1883 513 1924 ex
535 1863 810 1945 llottendorphiauo
832 1863 963 1926 secundo
987 1863 1199 1945 Peerlkampus
1221 1883 1268 1927 re·

122 1969 203 2048 cepit
230 1969 358 2046 genetivi
386 1964 518 2047 ‘Scyllae
545 1973 633 2046 atque
660 1967 841 2046 Charybdis’
875 1966 925 2026 hie
957 1975 1039 2028 recte
1075 1985 1108 2028 sc
1144 1967 1267 2029 habeut:

123 2073 215 2131 immo
238 2069 293 2130 hae
315 2071 375 2130 iam
398 2075 484 2130 autea
508 2067 543 2145 (v.
567 2064 639 2149 558)
663 2068 768 2147 procul
793 2075 970 2147 conspectae
992 2070 1142 2130 iussorum
1165 2068 1269 2130 llulcni

123 2172 196 2233 olim
208 2171 377 2233 auditorum
390 2171 616 2232 admonuerant.
645 2170 747 2249 ltaque
762 2177 812 2232 aut
827 2169 960 2233 absolute
972 2173 1100 2252 pesitum
1113 2174 1269 2232 ‘monent’

123 2274 246 2336 veritum
263 2281 398 2336 anteum
421 2273 470 2335 ‘ni
485 2279 607 2334 teneant
622 2277 744 2334 cursus’
768 2272 904 2334 membro
920 2274 1169 2352 coniungendam.
1193 2275 1265 2336 Nam

124 2376 216 2438 altera
239 2376 325 2438 lectio
346 2383 480 2452 mouent,
515 2394 693 2456 quamquam
716 2377 893 2439 commutari
914 2375 1001 2437 facile
1023 2383 1182 2456 utrumque
1205 2393 1269 2436 vcr-

123 2477 196 2539 bum
223 2497 239 2539 a
268 2477 405 2544 librariis,
427 2496 494 2539 eum
518 2477 670 2539 llcntleius
690 2477 736 2560 2ad
758 2478 829 2540 lior.
853 2497 944 2541 carm.
968 2478 1005 2541 lll
1029 2477 1057 2550 l,
1084 2475 1269 2540 1911111111-

123 2582 229 2641 stravit
250 2587 313 2640 tum
337 2578 527 2657 quodmodo
550 2579 706 2642 laudabam
730 2581 898 2662 exemplum
923 2577 1054 2642 Vlietl
1079 2583 1150 2643 satis
1172 2581 1268 2648 docet,

124 2683 305 2743 accusativos
336 2681 455 2759 quidem
477 2681 611 2758 Scyllam
640 2691 731 2760 atque
754 2685 930 2763 Charybdin
958 2702 1017 2745 non
1048 2683 1119 2743 lert:
1158 2683 1270 2743 moveri

127 2787 238 2864 quippe
261 2791 387 2864 possunt
409 2787 540 2846 carmina
564 2784 705 2845 historiae
728 2784 844 2846 tabulae
866 2793 1025 2865 praecepta
1049 2784 1094 2844 vel
1116 2803 1192 2865 quac
1216 2783 1270 2845 alia

125 2887 263 2947 universo
284 2889 407 2948 nomine
430 2886 735 2968 comprehenduntur,
761 2907 822 2948 non
844 2889 928 2967 ipsae
951 2905 1001 2948 res
1026 2905 1152 2966 quarum
1168 2885 1271 2948 inillis

125 2990 235 3050 mentio
258 2989 298 3050 lit.

208 3092 303 3153 Porro
325 3091 499 3170 sinrplicitas
521 3098 551 3152 et
573 3093 769 3171 perspicuitas
791 3093 939 3154 sermonis
962 3097 1047 3160 vetat,
1071 3110 1110 3153 nc
1133 3090 1269 3168 diruptis,

124 3211 201 3274 quae
223 3195 289 3272 ipso
312 3211 400 3256 versu
424 3195 592 3256 consociata
607 3200 685 3264 sunt,
710 3195 806 3254 ‘inter
821 3201 978 3273 utramque
993 3195 1089 3254 viaru'
1113 3193 1157 3254 rel
1174 3191 1268 3273 ‘Scyl-

125 3297 183 3357 lam
207 3302 295 3374 atque
318 3294 485 3377 Charybdin
513 3298 610 3357 inter’
639 3297 858 3375 coniungantur
888 3295 931 3356 vel
961 3297 1052 3357 ‘viam
1083 3294 1135 3356 leti
1165 3295 1269 3355 discri-

126 3400 205 3458 mine
219 3401 328 3476 parvo'
342 3415 408 3459 esse
423 3401 520 3459 ‘inter
534 3401 708 3478 utramquc'
721 3406 876 3460 statuatur.
899 3398 1048 3460 Servanda
1061 3399 1150 3477 igitur
1159 3399 1271 3458 Vatica-

124 3518 230 3560 narum
239 3499 418 3561 schedarum
430 3502 597 3572 auctoritas,
607 3520 682 3582 quae
694 3503 892 3562 nominativos
904 3500 1174 3580 praebeut‘SctJllc
1182 3509 1273 3578 utque

125 3601 322 3677 ouumbuts’,
339 3604 422 3681 quasi
435 3619 580 3663 summam
588 3602 939 3684 praeceptorumHelcui.
964 3603 1121 3664 Praeterea
1134 3605 1163 3663 in
1177 3603 1271 3664 altero

126 3721 211 3763 versu
222 3703 293 3782 quid
306 3703 343 3764 sit
356 3706 427 3764 ‘leti
438 3706 736 3781 discriminepuruo’
749 3723 816 3766 eum
830 3704 986 3765 simillimis
1001 3704 1119 3766 loeile
1134 3703 1194 3768 143
1207 3706 1272 3766 ‘leti

124 3805 293 3866 discrimina
310 3808 413 3884 parva’
437 3815 466 3865 et
487 3804 590 3867 x511
616 3808 717 3867 ‘tenui
736 3807 907 3868 discrimine
929 3805 1000 3868 leti'
1023 3814 1135 3886 pateat,
1161 3807 1272 3868 lallitur

126 3907 176 3982 qui
199 3906 293 3966 ‘viana
316 3905 386 3967 leti’
410 3916 443 3967 ut
465 3909 569 3967 mortis
592 3927 637 3985 gc.
663 3905 786 3969 111482
810 3916 838 3970 et
861 3908 963 3970 salutis
985 3910 1058 3969 Aen.
1082 3906 1175 3970 1196
1198 3911 1272 3970 riam

126 4006 260 4085 intellegi
276 4007 346 4069 vult.
378 4009 513 4086 Denique
537 4013 794 4072 ‘tenerecursus'
819 4027 979 4090 numquam
1002 4011 1165 4090 poterimus
1188 4011 1273 4073 aliter

125 4110 317 4188 interpretari
341 4111 397 4171 nisi
421 4127 457 4170 ex
481 4111 696 4173 consuetudine
724 4130 800 4191 quae
822 4113 868 4174 his
896 4111 970 4174 loeis
992 4119 1130 4193 apparet:
1156 4111 1272 4175 111146

128 4210 193 4273 ‘dis
224 4211 361 4292 equidem
391 4212 562 4292 auspicibus
590 4233 658 4275 reor
686 4223 715 4275 et
743 4215 856 4276 lunone
885 4215 1017 4277 secunda
1045 4213 1124 4275 hune
1152 4233 1272 4276 cursum

128 4312 230 4375 iliacas
262 4321 349 4375 vento
379 4317 509 4376 tenuisse
536 4316 679 4387 carinas',
729 4315 827 4378 1370
870 4317 907 4378 tx
936 4315 998 4380 377
1027 4319 1138 4396 ‘lquere
1167 4323 1274 4380 tenetis

124 4417 223 4478 iteri’
268 4417 291 4476 V
316 4414 331 4476 1
357 4415 504 4478 ‘medium
527 4417 641 4480 deneas
662 4419 720 4479 iam
743 4418 838 4482 classe
860 4420 979 4481 tenebat
1000 4427 1101 4482 certus
1124 4421 1209 4488 iter',
1235 4418 1272 4479 lll
