2962 4904
556 367 799 412 reconsecratus.
1229 347 1247 410 'i

73 583 76 594 ·
183 541 245 604 Nee
257 543 371 602 llrmius
384 539 454 602 huic
465 543 557 604 Varus
566 542 709 622 adversus
718 551 928 604 veteranorum
938 541 1088 602 licentiam
1100 539 1248 618 praestitit

98 645 257 715 auxilium,
280 645 459 724 quibuscum
476 645 573 706 denno
588 645 631 707 illi
652 645 689 705 de
707 645 815 707 linibus
834 644 1028 725 praediorum
1049 641 1087 704 lis
1102 642 1247 704 acerrima

98 757 201 810 exorta
214 757 268 808 est.
293 748 335 808 lle
349 767 405 828 qua
422 757 520 810 tanton
538 767 598 810 non
617 750 689 810 satis
702 765 833 826 congrua
845 749 877 808 in
889 745 1010 808 scholiis
1022 745 1132 806 nostris
1144 742 1247 822 legun

98 860 155 911 tur.
186 851 261 912 Nam
277 850 326 912 alii
342 853 372 913 iu
389 849 538 931 Serviauis
553 859 583 912 et
597 854 627 912 in
640 852 746 912 bonati
762 850 799 911 ad
814 848 912 911 bucol.
928 847 1158 929 prolegomenis,
1174 848 1246 908 item

97 953 132 1012 ad
156 953 211 1014 ecl.
236 952 275 1014 lli
299 951 340 1014 94
363 963 393 1014 et
415 953 454 1015 tx
478 952 493 1014 1
518 954 555 1016 ab
571 957 664 1016 Arrio
686 954 862 1014 centurione
883 959 1008 1013 narrant
1029 965 1135 1028 agrum
1157 965 1244 1010 occu·

96 1063 197 1134 patum
220 1057 328 1126 luisse,
360 1073 449 1135 quem
472 1075 539 1118 cum
562 1055 656 1118 Roma
679 1074 818 1118 reversus
845 1060 935 1135 poeta
957 1053 1075 1116 restitui
1096 1049 1154 1128 sibi
1183 1051 1245 1112 ius·

97 1157 194 1229 sisset,
217 1176 314 1238 paene
336 1158 374 1219 ab
396 1157 447 1218 illo
470 1160 662 1220 interemtum
678 1159 781 1228 luisse,
805 1158 862 1219 nisi
877 1175 909 1217 se
924 1154 1108 1216 inllincium
1122 1153 1245 1220 fluvium

96 1263 329 1340 praecipitasset.
380 1261 438 1322 Sed
468 1260 542 1322 haec
569 1279 657 1340 qnam
687 1279 793 1340 parurn
816 1265 955 1322 accurate
977 1263 1097 1318 narrata
1125 1256 1185 1318 sint
1208 1273 1244 1316 ex

96 1366 137 1424 eis
159 1381 236 1442 quae
260 1381 351 1443 sopra
374 1366 513 1442 exposui,
546 1365 673 1436 maxime
702 1381 738 1422 ex
768 1361 902 1441 eelogal
931 1359 1042 1428 elucet,
1073 1375 1149 1436 quae
1178 1355 1245 1420 talis

98 1465 297 1527 dimicationis
331 1468 512 1526 mentionem
552 1463 664 1526 nullam
700 1463 829 1526 exhibet.
875 1463 975 1524 blilitis
1007 1468 1105 1526 autem
1134 1476 1244 1521 nomen

94 1567 171 1628 aliud
195 1567 288 1628 tradit
304 1565 421 1628 Probus
443 1586 472 1647 p.
495 1565 525 1637 6,
547 1565 568 1627 3
591 1567 625 1628 li.
650 1568 836 1654 ‘promeruit
852 1613 858 1626 .
877 1611 883 1624 .
902 1609 909 1624 .
928 1573 959 1626 ut
975 1569 1063 1643 agros
1078 1581 1148 1624 suos
1163 1563 1241 1623 reci·

94 1679 185 1749 peret,
212 1678 241 1730 et
264 1688 299 1730 eo
321 1669 399 1731 laeto
422 1671 621 1730 concitaverat
641 1670 671 1730 in
694 1689 727 1729 sc
749 1675 906 1731 veteranos
928 1666 1012 1736 adeo,
1035 1675 1069 1727 ut
1090 1665 1245 1728 aMitieno

96 1772 214 1833 Torone
236 1769 414 1851 primipilari
435 1791 530 1852 paene
553 1773 592 1832 sit
614 1772 804 1843 interiectus,
834 1772 892 1833 nisi
913 1773 1053 1851 fugisset,
1086 1778 1118 1832 ut
1140 1775 1241 1828 coute—

93 1881 187 1935 statur
209 1875 285 1952 ipse,
321 1893 389 1934 cum
423 1876 474 1934 ait:
509 1874 587 1953 quod
622 1875 767 1934 nisi-mc'
792 1895 817 1934 c.
842 1891 870 1952 q.
894 1893 917 1934 s.
944 1873 1009 1954 (ccl.
1032 1873 1072 1935 tx
1097 1871 1242 1952 14-16).

94 1977 152 2037 Nec
175 1985 311 2056 pugnant
334 1995 402 2037 curn
425 1975 471 2037 his
494 1978 622 2056 quaein
646 1974 767 2037 scholiis
790 1976 941 2038 Servianis
964 1961 1000 2038 ad
1024 1975 1078 2038 ecl.
1095 1975 1132 2037 lll
1158 1972 1173 2036 1
1198 1974 1240 2036 le·

92 2087 202 2156 guntur
230 2079 322 2139 ‘saue
349 2077 399 2140 alii
422 2078 558 2139 ordinem
581 2078 669 2139 buius
692 2077 813 2157 eclogae
835 2080 876 2141 ita
898 2086 1063 2159 exponunt:
1094 2096 1162 2140 cum
1185 2079 1240 2139 im·

93 2181 266 2240 munitatem
289 2193 428 2258 agrorum
452 2179 808 2259 vergilios'inpetrasset
832 2179 868 2242 lis
891 2189 937 2242 est
960 2187 1065 2242 exorta
1079 2178 1117 2240 dc
1132 2179 1240 2242 linibus

36 2297 39 2302 ⁴
91 2285 167 2356 iuter
191 2300 261 2342 cum
285 2291 314 2344 et
336 2300 403 2352 eos,
433 2284 482 2360 qui
509 2283 541 2342 io
571 2283 708 2361 proximo
731 2300 819 2360 agros
842 2291 1034 2363 acceperant,
1071 2280 1240 2362 exquibus

92 2387 213 2446 Clodius
235 2384 356 2464 quidam
384 2383 471 2454 dixit,
506 2403 539 2445 se
568 2403 687 2444 omnem
717 2384 799 2446 litem
829 2392 1051 2464 amputaturum
1079 2383 1237 2447 interiecto

92 2484 230 2564 Vergilio,
256 2503 344 2563 quem
360 2494 446 2566 poeta
464 2487 567 2547 stricto
589 2485 735 2564 gladiose
757 2488 966 2564 insequentem
988 2488 1063 2566 lugit
1084 2489 1115 2548 in
1137 2488 1236 2551 taber·

91 2607 157 2650 nam
180 2587 388 2650 carbonariam
412 2597 442 2649 et
463 2586 608 2649 beneficio
631 2589 775 2650 institoris
798 2607 833 2648 ex
857 2587 913 2648 alia
928 2597 1014 2669 parte
1030 2591 1159 2653 emissus
1174 2609 1237 2653 ser·

91 2699 172 2751 vatus
195 2693 269 2750 cst’
324 2691 405 2762 Quae
438 2691 481 2751 sic
500 2691 592 2751 inter
626 2709 659 2750 se
691 2688 828 2758 coneilio,
865 2698 897 2750 ut
931 2693 1084 2770 sexaginta
1116 2691 1237 2756 illorum

91 2783 317 2862 veteranorum,
346 2794 397 2870 qui
419 2792 533 2852 (letarii
555 2791 656 2852 Musae
685 2793 860 2853 auctoritate
887 2811 965 2854 anno
989 2791 1051 2855 713
1073 2793 1236 2874 Vergilium

89 2914 159 2974 agro
176 2892 361 2975 expulerant,
385 2895 592 2956 centurionem
608 2894 727 2956 Arrium
743 2894 834 2956 luisse
857 2895 1003 2956 coniciam
1025 2897 1066 2971 (et
1087 2897 1236 2975 quadrant

89 2998 145 3058 bue
168 2996 310 3058 Serviano
339 2996 375 3058 ad
404 2994 458 3058 ecl.
481 2993 571 3056 148:
602 3000 689 3058 ‘nam
718 3016 735 3057 a
762 3005 864 3059 monte
891 3014 987 3076 ttsquc
1015 2998 1051 3060 ad
1080 2997 1177 3061 lacum
1206 3009 1237 3062 et

88 3100 155 3160 inde
178 3098 333 3176 usquead
356 3097 495 3160 arborem
518 3098 786 3178 quandam‘luerat
800 3101 886 3162 Arrio
909 3099 1016 3162 donata
1038 3101 1232 3182 possessio');

88 3201 211 3262 alteram
246 3219 316 3262 vero
342 3202 545 3280 inruptionem
575 3201 683 3261 lacum
713 3219 779 3263 esse
807 3221 823 3262 a
846 3201 965 3264 blilieno
988 3203 1108 3265 Torone
1130 3206 1233 3284 primi·

86 3303 172 3383 pilari
195 3321 262 3364 curn
285 3301 438 3372 militibus,
464 3321 499 3362 ex
523 3302 640 3379 quibus,
663 3321 732 3363 curn
753 3302 790 3364 ad
812 3304 907 3381 iurgia
929 3323 980 3366 res
1002 3305 1141 3375 venisset,
1166 3306 1232 3368 Clo-

85 3405 151 3468 dius
173 3404 223 3465 ille
245 3406 384 3466 immanis
406 3402 481 3464 latro
512 3406 625 3474 extitit,
655 3406 739 3467 cuius
763 3404 914 3476 violentia,
944 3414 977 3468 ut
999 3407 1106 3470 Donati
1128 3427 1157 3488 p.
1180 3405 1232 3480 59,

86 3505 162 3568 ili.
187 3506 287 3568 verbis
309 3513 390 3574 utar,
420 3506 468 3566 ‘in
492 3505 685 3568 altercatione
712 3506 772 3568 litis
793 3506 916 3587 paulum
938 3507 1033 3570 abluit
1059 3509 1131 3589 quin
1155 3513 1232 3573 ocei-

85 3609 235 3674 deretur',
249 3621 329 3668 vates
352 3618 462 3670 noster.

170 3710 283 3771 lterum
305 3712 395 3789 igitur
417 3709 465 3771 hic
489 3711 629 3791 expulsus
651 3712 820 3792 perfugium
843 3730 912 3774 curn
941 3713 1017 3784 sois,
1047 3715 1135 3774 etiam
1165 3735 1231 3778 cum

36 3859 39 3864 .
85 3823 178 3892 patre,
203 3813 314 3874 invenit
334 3813 365 3874 in
382 3811 487 3882 villula,
512 3833 588 3893 quae
609 3816 745 3893 magistri
766 3815 836 3876 olim
851 3817 881 3877 in
896 3814 1084 3895 philosophia
1101 3815 1233 3897 (Servius

83 3915 125 3975 ad‘
142 3914 197 3984 ecl.
223 3914 259 3974 Vl
281 3912 301 3975 6
323 3914 416 3975 sohel.
434 3915 542 3977 Veron.
567 3916 602 3977 ad
626 3913 790 3996 cclviii),
815 3918 938 3998 Syronis
959 3920 1066 3990 luerat,
1091 3939 1151 3983 non
1172 3924 1231 3985 iam

85 4026 151 4078 erat
173 4014 270 4093 (catal.
295 4016 320 4076 x
346 4014 389 4094 ll:
423 4017 453 4077 id
476 4017 636 4097 hospitium
665 4029 841 4098 argumento
870 4039 935 4082 esse
963 4025 1233 4098 epigrammati
1294 4039 1296 4042 ’

84 4119 162 4198 quod
192 4121 222 4180 in
252 4117 403 4179 catalectis
436 4119 544 4198 legitur
577 4123 721 4182 decimo
755 4123 886 4202 Scaliger
919 4126 1043 4186 monuit.
1093 4127 1155 4187 Nec
1182 4129 1228 4188 in·

84 4219 245 4299 probabilis
267 4222 398 4282 virorum
423 4221 576 4283 doctorum
606 4225 776 4286 eortiectura
806 4233 866 4295 est,
896 4226 1005 4288 ibidem
1035 4236 1133 4292 natarn
1163 4249 1229 4292 esse

82 4311 253 4398 eclogam
287 4340 548 4408 nonum,·quae
582 4324 710 4386 dubitari
743 4347 802 4388 non
836 4337 934 4408 potest
967 4331 1038 4410 quin
1070 4331 1226 4394 consilium

84 4427 211 4510 auctoris
239 4426 331 4486 l'uerit
360 4433 391 4502 ut
417 4425 454 4487 ab
482 4429 548 4506 ipso
572 4427 730 4490 Octaviano
759 4429 918 4508 legeretur.
969 4433 1014 4494 lta
1041 4439 1140 4494 autern
1170 4437 1226 4497 vim
