3038 4912
253 300 314 364 102
691 322 937 366 eeoneeouarm.

249 497 327 552 terat
348 490 377 551 id
401 509 436 551 eo
465 487 534 550 libri
564 490 609 551 sui
635 489 702 551 loco
736 489 868 560 tradere,
903 489 956 551 ubi
977 490 1117 551 Aeneidis
1151 461 1210 550 non
1245 490 1395 570 perfectae

247 605 359 654 'naevos
387 599 583 654 excusaturus
611 594 779 672 comparari
806 593 893 664 iussit
927 592 1034 672 quibus
1074 611 1243 672 supremam
1274 611 1399 664 manum!

249 697 394 776 inponere
416 693 548 756 licuisset
570 702 675 773 poetae
699 695 746 776 (cl.
768 693 879 756 Gellius
895 695 972 757 XVII
990 691 1038 763 10,
1054 691 1084 773 5)
1109 693 1243 755 bucolica
1265 695 1395 754 triennio

251 805 280 858 et
301 799 440 875 georgica
463 805 578 874 septem
601 797 687 857 annis
714 794 858 858 absoluta.
912 797 986 858 Nam
1015 796 1089 857 haec
1117 796 1195 876 apud
1219 797 1394 880 Suetonium

249 919 278 979 p.
300 896 343 960 60
365 900 464 960 statim
487 899 523 960 de
545 897 684 962 Aeneidis
706 898 876 960 tibicinibus
900 899 988 960 etde
1012 917 1098 960 ursae
1121 917 1204 958 more
1228 897 1324 960 locum
1348 917 1395 959 se·

250 1008 368 1070 cuntur,
392 1019 480 1080 quem
503 999 539 1062 ad
561 1001 682 1062 Asconii
704 1003 911 1062 auctoritatem
934 1000 1044 1062 rettuli.

333 1105 357 1166 A
378 1122 437 1183 qua
459 1123 497 1164 ue
520 1104 673 1183 sequeutia
695 1103 813 1182 quidem
838 1101 875 1164 de
902 1101 1109 1165 bucolicorum
1137 1122 1277 1165 successu
1300 1102 1396 1164 aliena
1469 1095 1476 1104 ”

250 1213 328 1267 sunt.
373 1205 434 1267 Nec
456 1206 565 1266 mirum
589 1206 611 1264 si
636 1205 724 1264 etiam
748 1204 784 1265 de
807 1204 991 1282 singtdarum
1015 1203 1186 1283 eclogarum
1209 1214 1345 1286 tempure
1367 1213 1397 1267 et

250 1289 406 1368 occasione
429 1324 505 1385 quae
528 1325 545 1367 a
566 1306 653 1368 bouis
675 1305 848 1368 auctoribus
864 1314 1022 1394 acceperat
1036 1306 1147 1369 ibidem
1163 1309 1298 1370 inseruit.
1331 1308 1396 1381 Quo

250 1411 381 1488 pertinet
409 1408 503 1469 Servii
536 1407 572 1468 ad
606 1405 660 1468 ecl.
691 1406 743 1469 llll
775 1404 813 1468 12
846 1407 1012 1470 adnotatio:
1051 1408 1188 1489 ‘quidam
1211 1407 1395 1479 Saloninum,

252 1511 393 1573 Pollionis
415 1509 516 1580 ultum,
541 1511 705 1588 accipiunt,
728 1508 778 1569 alii
798 1509 930 1571 Asinium
952 1509 1079 1578 Gallum,
1102 1511 1225 1572 lratrem
1251 1509 1395 1579 Salonini,

204 1605 206 1610 ’
252 1615 301 1690 qui
323 1612 408 1690 prius
429 1619 517 1673 natus
540 1619 593 1681 est,
616 1609 749 1671 Pollione
772 1611 895 1673 consule
918 1611 1081 1690 designato.
1126 1612 1270 1682 Asconius
1292 1612 1397 1674 Pedia·

253 1733 309 1776 uus
331 1732 347 1774 a
370 1712 453 1775 Gallo
483 1714 601 1775 audisse
629 1731 661 1773 se
688 1713 798 1783 relect,
833 1713 909 1776 banc
937 1712 1069 1792 eclogam
1098 1715 1128 1775 in
1157 1697 1302 1776 honorem
1332 1717 1399 1776 eius

253 1819 388 1878 lactam’
418 1815 536 1876 Asinius
552 1812 651 1876 Gallus
667 1833 744 1875 anno
768 1815 887 1877 demum
903 1813 1021 1898 787J33
1036 1817 1220 1885 interiectus.
1238 1823 1399 1896 postquam
1434 1889 1440 1896 .

203 1941 204 1944 ¹
253 1927 314 1979 tres
337 1935 392 1996 per
415 1935 509 1979 annos
533 1916 605 1978 diris
628 1915 780 1978 custodiae
802 1918 955 1996 suppliciis
983 1899 1134 1979 cruciatus
1162 1927 1208 1979 est
1236 1917 1283 1998 (cl.
1305 1919 1401 1978 Taciti

252 2041 319 2083 anu.
345 2021 382 2083 Vl
404 2018 445 2083 23
483 2020 600 2081 Cassius
623 2018 675 2081 llio
698 2017 786 2081 Lvlll
807 2017 837 2082 3.
861 2016 928 2099 23):
964 2037 1035 2096 ergo
1058 2038 1118 2080 non
1141 2019 1338 2081 dubitandum
1362 2018 1399 2080 de

252 2125 309 2186 nde
331 2122 436 2186 scholii
459 2123 602 2184 Serviani.
969 2149 972 2154 ·

338 2225 397 2286 lam
422 2227 631 2303 castigatorum
659 2222 779 2304 illorum
809 2224 1032 2286 criminationes
1060 2223 1139 2286 unde
1168 2223 1254 2284 nobis
1282 2241 1401 2304 (quoque

254 2347 438 2406 cognoscere
460 2326 548 2388 liceat
570 2327 823 2406 circumspicienti
844 2324 925 2403 larga
947 2328 978 2387 in
1007 2325 1128 2386 selroliis
1156 2329 1267 2388 nostris
1296 2345 1400 2387 eorum

254 2431 406 2498 locorum,
437 2447 510 2509 quos
539 2432 679 2490 ‘notare’
709 2427 754 2488 vel
778 2427 1001 2506 reprehendere
1029 2428 1161 2489 ‘critici’
1191 2428 1328 2489 dicuutur
1357 2427 1421 2494 vel,

254 2531 306 2593 nbi
331 2533 472 2608 ‘quaeri’
497 2531 666 2600 adnotatur,
691 2531 776 2610 copia
799 2531 945 2609 suppetit,
976 2549 1064 2610 quam
1088 2531 1143 2590 etsi
1166 2529 1299 2592 haustam
1318 2537 1401 2609 putu

255 2653 291 2694 ex
322 2639 607 2700 commentatorum,
643 2634 694 2712 qui
728 2639 788 2692 tam
822 2649 964 2692 accusare
992 2651 1079 2710 qnam
1109 2651 1249 2693 excusare
1285 2639 1401 2710 poetam

161 2772 166 2782 ·
254 2736 386 2797 muneris
414 2737 460 2796 sni
489 2735 724 2802 arbitrabantur,
755 2753 792 2794 ex
819 2733 925 2812 Hygini
954 2732 1020 2794 dico
1049 2733 1141 2795 Probi
1170 2735 1256 2811 Aspri
1279 2735 1402 2795 Cornuti
1450 2807 1453 2812 Ι

255 2839 362 2899 Donati
384 2837 570 2917 aliorumque
593 2837 871 2915 grammaticorum,
901 2837 952 2915 qni
979 2837 1010 2896 in
1038 2834 1085 2896 his
1109 2835 1324 2914 elegantiarum
1348 2835 1402 2896 bo·

257 2942 370 3000 minum
393 2939 509 3000 deliciis
532 2940 736 3008 versabantur,
760 2938 892 3006 horreis,
917 2945 1015 2998 tamen
1038 2937 1094 2999 hos
1116 2941 1197 3019 ipsos
1220 2939 1403 3017 antiquiores

259 3043 361 3121 copias
384 3040 491 3102 adiisse
515 3040 559 3101 vel
582 3048 664 3102 certe
687 3039 824 3119 exemplo
854 3048 883 3099 et
905 3042 1082 3101 anctoritate
1104 3039 1222 3101 illorum
1246 3039 1351 3099 ductos
1374 3045 1404 3098 et

258 3145 403 3205 excitatos
425 3144 519 3204 luisse
542 3141 695 3221 probabile
712 3149 765 3203 est.
797 3141 859 3203 Nec
875 3141 1109 3220 neglegendum,
1135 3141 1170 3202 ad
1187 3143 1282 3220 ipsam
1297 3141 1403 3202 Aeaei·

256 3244 441 3324 dem‘longe
470 3247 628 3307 maximam
661 3244 765 3306 barum
800 3244 986 3305 notationum
1016 3231 1131 3322 partem
1160 3249 1306 3322 spectare,
1330 3260 1404 3322 pau·

256 3348 390 3408 cissimos
412 3346 569 3410 bucolicon
593 3354 623 3408 et
644 3349 806 3426 georgicon
828 3344 910 3407 locos
934 3347 1082 3425 temptari.

342 3449 474 3511 Fuerunt
496 3451 546 3528 qni
569 3449 603 3510 ad
626 3453 792 3524 georgicon
815 3449 827 3508 l
851 3445 911 3509 147
934 3449 1140 3525 quaestionem
1163 3455 1327 3517 moverent,
1352 3466 1405 3509 cur

258 3553 361 3621 Ceres,
385 3569 445 3612 non
469 3551 563 3612 Osiris
587 3550 631 3612 rel
647 3549 848 3630 Triptolemus
871 3558 1001 3612 aratrum
1024 3552 1172 3612 iuvenisse
1194 3551 1318 3611 dicatur.
1358 3550 1404 3610 ln·

259 3661 363 3732 erepat
385 3653 463 3732 apud
476 3652 656 3713 llacrobinm
673 3651 843 3731 Euangelus
865 3661 993 3732 poetam,
1019 3651 1097 3729 quod
1121 3670 1168 3730 ge.
1190 3651 1203 3713 l
1224 3649 1288 3714 344
1304 3653 1407 3714 Cereri

258 3756 346 3817 libari
369 3757 436 3816 vino
458 3756 554 3824 iussit,
578 3754 656 3834 quod
680 3753 819 3816 onmibus
834 3755 926 3816 sacris
941 3761 1064 3824 vetetur,
1089 3755 1136 3815 cui
1151 3754 1266 3815 diversa
1281 3771 1405 3834 respon·

261 3858 333 3919 dent
367 3851 574 3918 Praetextatus
615 3865 644 3917 et
681 3858 712 3918 in
758 3857 972 3920 commentario
1007 3856 1136 3918 Servius.
1199 3856 1307 3917 Contra
1346 3873 1405 3924 eus,

260 3960 312 4039 qui
335 3956 514 4036 astrologiae
536 3959 672 4036 ignarum
694 3958 843 4029 dicebant,
867 3958 1007 4019 detonsus
1030 3965 1075 4018 est
1097 3959 1305 4019 aMetrodoro
1327 3957 1407 4037 (Ser-

165 4091 167 4098 ·
260 4062 325 4122 vius
347 4059 383 4121 ad
407 4060 482 4139 gel
504 4055 588 4136 230),
613 4063 664 4140 qui
686 4061 723 4122 de
744 4061 826 4122 zonis
848 4058 953 4120 mnudi
968 4061 1099 4141 quinque
1114 4059 1207 4122 libros
1230 4061 1406 4140 compesuit,

262 4162 353 4232 unde·
377 4165 402 4224 si
425 4162 514 4223 modo
546 4161 583 4222 de
605 4170 699 4224 aetate
721 4161 892 4242 philosophi
913 4161 992 4222 illius
1014 4151 1101 4242 paulo
1124 4162 1235 4222 certius
1250 4169 1408 4230 constaret,

258 4272 288 4326 et
309 4265 400 4327 Probi
435 4267 680 4326 commentarium
710 4263 746 4325 ad
769 4281 816 4342 ge.
839 4263 852 4323 l
875 4259 936 4325 231
961 4279 1027 4344 sqq.
1051 4263 1254 4324 doctissimum
1285 4271 1314 4324 et
1336 4263 1410 4326 Sue·

260 4368 336 4427 tenti
370 4369 402 4426 iu
433 4372 521 4446 prato
556 4366 593 4428 de
625 4367 740 4428 naturis
773 4383 876 4428 rerum
910 4373 1000 4445 caput
1032 4361 1110 4441 (125
1148 4384 1178 4445 p.
1215 4361 1276 4428 195
1310 4347 1407 4428 tactu.)
