2970 4896
545 353 789 396 raonuaounnn.
1173 331 1234 395 367

96 541 120 581 ν.
137 517 209 590 515,
231 521 282 581 ubi
306 529 394 598 negat
414 521 444 581 id
470 523 576 599 ipsum,
600 521 748 582 intulisset
768 521 842 580 ‘nec
869 523 927 581 iarn
955 521 1125 580 sulliciunt’.
1150 520 1236 579 ·Vinr

96 631 125 684 ot
148 622 322 700 elegantiam
345 622 411 682 loco
433 621 597 682 reddidisse
621 621 692 682 mibi
716 621 815 682 videor
844 631 957 682 motato
991 620 1069 698 quod
1097 623 1126 681 in
1151 623 1241 682 FMP

96 726 207 801 Rybcd
230 733 310 784 extat
331 741 398 785 cnm
421 726 450 783 in
466 741 553 783 oum:
576 723 613 782 de
629 741 687 802 quo
702 741 792 802 supra
808 722 878 783 dixi.
965 723 1100 800 Languet
1116 741 1237 800 magno·

97 843 169 904 pere
198 824 275 903 quod
305 824 346 885 lX
372 822 434 885 676
464 825 575 886 nostris
604 823 823 910 exemplaribus
845 825 1018 901 Mpayoca
1047 823 1173 884 traditur
1200 823 1237 882 de

96 926 233 987 Pandaro
267 935 297 986 et
325 927 399 986 Billa
433 928 518 986 ‘irati
546 927 668 986 armis'.
713 925 883 986 ‘abietibus
915 928 1037 985 iuvenes
1072 927 1175 1005 patriis
1209 933 1239 985 et

96 1029 245 1090 montibus
267 1031 396 1104 aequos'
420 1046 478 1087 non
502 1029 607 1094 armis,
632 1045 707 1103 quae
731 1045 755 1086 ν.
779 1023 842 1088 678
864 1026 1080 1106 simplicissime
1104 1026 1149 1087 bis
1173 1030 1236 1086 ‘ar-

96 1131 166 1212 mati
198 1131 297 1188 l'erro!
331 1127 538 1198 absolvuntur,
573 1127 624 1189 sed
648 1138 681 1189 ut
704 1128 825 1189 Homeri
847 1127 887 1188 M
909 1125 970 1189 135
998 1127 1179 1206 Polypoeten
1209 1136 1238 1186 et

96 1229 229 1291 Leonten
253 1230 315 1306 (qui
337 1230 486 1308 χείρεσσι
508 1225 710 1300 πεποιθότες
731 1223 791 1308 ἠδὲ
810 1227 931 1308 βίηφιν
952 1229 1101 1307 dicuntur)
1127 1228 1238 1290 viribus
1350 1278 1351 1281 ,

96 1332 158 1391 suis
181 1330 224 1390 vel
248 1331 364 1400 lortius,
390 1338 422 1390 nt
443 1331 515 1390 vidit
529 1328 751 1409 Peerlkampns,
775 1333 884 1390 calmis
903 1332 995 1391 lretos
1017 1349 1081 1390 esse
1104 1331 1236 1400 decebat,

97 1439 126 1492 et
148 1431 303 1492 laudantur
326 1434 416 1492 animi
440 1432 532 1493 Bitiae
555 1432 642 1491 etiarn
666 1449 691 1490 v.
709 1427 780 1492 703.
868 1431 924 1502 Oui
948 1433 1116 1492 meminerit
1138 1441 1168 1492 et
1190 1451 1236 1510 ge.

98 1533 121 1592 ll
143 1529 181 1593 81
208 1533 337 1600 ‘exilit’,
362 1533 439 1612 quod
463 1533 597 1593 Gudiauo
621 1541 651 1592 et
673 1532 767 1592 Nonio
789 1532 930 1608 debetur,
954 1536 983 1593 in
1008 1535 1112 1593 ‘exiit’
1140 1543 1237 1594 trans·

96 1637 167 1694 iisse
189 1636 218 1694 in
243 1635 348 1705 Mnbc,
373 1641 402 1692 et
424 1632 586 1694 ‘transilit'
609 1636 680 1693 deri.
704 1633 730 1693 X
752 1630 814 1695 817
838 1637 868 1693 in
896 1637 998 1713 paucis
1020 1634 1239 1696 recentioribus
1295 1637 1297 1641 ’

95 1754 161 1812 cmx
194 1742 358 1802 servatum,
394 1743 566 1813 corruptum
603 1753 667 1795 csse
700 1737 804 1795 lormis
837 1737 988 1796 ‘transiit’
1023 1737 1052 1796 in
1076 1738 1176 1814 MPyb
1209 1743 1239 1796 et
1267 1812 1276 1824 .

97 1838 238 1898 ‘transit’
262 1838 292 1896 io
316 1837 358 1904 R,
389 1837 433 1894 vix
457 1834 603 1896 dubitabit
624 1835 712 1915 paulo
735 1844 804 1896 ante
826 1837 856 1897 in
880 1837 983 1897 eodem
1008 1837 1084 1898 libro
1107 1856 1188 1898 nono
1212 1857 1236 1898 v.

96 1935 166 2007 785,
191 1937 241 1998 361
265 1939 396 2016 apertior
419 1938 506 1997 etiam
530 1935 699 2015 corruptela
714 1939 745 1996 in
761 1938 800 1997 M
817 1939 962 2016 scriptura
986 1941 1145 1999 ‘transiet’
1170 1955 1238 2016 pro·

96 2039 183 2106 ditor,
219 2039 297 2098 unde
330 2037 479 2098 diortbota
513 2041 635 2099 transiit
667 2037 856 2117 (M2Pliybc)
891 2040 971 2108 lecit,
1002 2040 1081 2100 idem
1114 2038 1237 2100 verbum

96 2143 228 2200 transilit
251 2139 298 2218 (cl.
322 2138 375 2198 1111
397 2135 469 2217 859)
498 2140 666 2200 restituere.
720 2142 757 2200 At
791 2158 829 2200 ne
862 2142 892 2199 in
924 2149 1036 2200 textum
1071 2142 1237 2219 reciperem

96 2241 236 2302 dissuasit
259 2239 339 2319 quod
363 2242 445 2300 basta
470 2243 602 2317 quamvis
626 2259 679 2319 per
702 2240 830 2318 clipeum
858 2244 1060 2320 penetraverit
1089 2248 1118 2301 et
1140 2243 1170 2300 in
1192 2243 1236 2300 in·

95 2344 184 2420 33133
207 2341 328 2409 sederit,
354 2350 451 2402 tamen
475 2343 552 2402 vires
577 2341 654 2402 hand
677 2341 835 2420 pertulisse
857 2351 1005 2411 narratur,
1032 2351 1063 2412 nt
1077 2345 1175 2402 minus
1191 2359 1238 2400 ve·

94 2444 152 2503 loci
187 2442 319 2502 videatur
352 2444 464 2521 impetu
497 2461 547 2503 aes
581 2451 610 2502 et
643 2443 758 2502 taurina
792 2452 874 2522 terga
911 2445 1104 2521 superavisse.
1160 2443 1238 2520 Ergo

96 2543 222 2621 praetuli
244 2543 292 2602 hic
308 2542 488 2603 Lachmanni
512 2545 713 2605 coniecturam
736 2549 888 2606 transit.
975 2544 1126 2605 'l'ardandi
1148 2543 1239 2603 verbo

96 2663 161 2705 eum
191 2662 309 2722 semper
339 2647 492 2704 transitivo
526 2661 598 2704 osus
626 2647 664 2705 sit
686 2645 835 2722 Vergilius
858 2646 938 2727 (den.
962 2648 985 2706 V
1008 2642 1078 2706 395.
1103 2642 1166 2706 453
1202 2644 1238 2703 Vl

96 2742 154 2806 731
191 2741 303 2804 11121.
326 2741 389 2806 549
423 2743 588 2822 Χ11746),
623 2745 707 2807 valde
742 2755 881 2826 suspecta
917 2763 992 2824 quae
1024 2765 1062 2806 ne
1090 2744 1238 2806 veteribus

95 2846 214 2924 quidem
238 2845 349 2907 nullam
372 2856 530 2907 moverunt
551 2847 764 2908 dubitationem
788 2848 813 2908 11
837 2846 898 2911 857
927 2847 963 2908 (13
987 2849 1131 2909 Mezentio
1160 2846 1236 2906 (licta

95 2949 292 3024 ‘quamquam
315 2950 357 3007 vis
379 2947 438 3008 alto
461 2948 580 3009 volnere
603 2951 737 3009 tordat’.
767 2950 840 3010 Nam
857 2959 885 3010 et
909 2951 1021 3009 variant
1044 2948 1112 3009 libri
1134 2949 1238 3009 lormis

95 3051 201 3108 tardat
236 3058 272 3110 ct
297 3052 398 3110 tardet
427 3058 456 3110 et
483 3051 656 3128 significavit
678 3050 802 3111 Palatini
832 3051 991 3124 diortlrota,
1009 3050 1130 3111 alteram
1162 3052 1238 3110 vocis

96 3152 310 3228 ‘quamquam'
340 3150 481 3229 syllabam
511 3150 667 3212 delendam
692 3171 756 3212 esse
779 3171 835 3213 nec
857 3153 978 3213 Servius
1001 3170 1090 3212 ausus
1114 3159 1157 3211 cst
1180 3153 1236 3211 vim

96 3249 269 3327 intellegere
293 3252 449 3319 Mezentii,
485 3251 536 3312 sed
571 3255 703 3332 quamvis
732 3271 871 3333 perversa
900 3255 1015 3314 ratione
1047 3252 1081 3312 ad
1106 3251 1238 3312 vulneris

97 3350 262 3411 violentiam
285 3352 401 3412 rettulit
429 3362 543 3414 servata
576 3363 674 3415 tamen
707 3357 749 3415 sic
782 3356 934 3416 transitiva
968 3354 1050 3415 verbi
1084 3352 1237 3413 ‘tardare'

96 3453 320 3530 significatione.
364 3454 442 3532 Ergo
465 3453 630 3532 probabilis
653 3455 840 3535 Peerlkampi
863 3458 1052 3524 coniectura,
1077 3473 1134 3531 qua
1158 3455 1236 3514 exci-

9 3607 11 3612 .
95 3553 175 3614 disse
196 3555 226 3614 in
250 3554 409 3634 archetypo
432 3557 521 3616 dolor
544 3555 734 3624 vocabulum,
763 3556 867 3617 lacuna
897 3567 995 3618 autem
1024 3576 1039 3616 a
1068 3564 1237 3616 correctore

94 3662 193 3714 vetere
216 3654 362 3733 duplicata
386 3673 477 3731 quam
498 3654 608 3736 syllaba
630 3657 747 3736 expleta
771 3659 860 3718 lirisse
883 3660 1037 3727 statuitur,
1062 3675 1121 3735 quo
1144 3656 1235 3716 semel

94 3754 223 3815 admisso
247 3759 462 3817 consectarium
485 3765 550 3816 erat
572 3759 791 3819 coniunctivum
815 3759 897 3819 verbi
924 3762 1027 3819 tardet
1054 3765 1170 3818 mutare
1192 3759 1235 3816 in·

94 3855 227 3916 dicativo.
274 3857 456 3936 Quamquam
480 3877 517 3918 ne
539 3857 610 3917 illud
634 3859 752 3937 quidem
769 3861 848 3939 qnod
865 3860 1058 3921 lloll'manuus
1081 3861 1238 3938 proposuit
1332 3875 1333 3878 ’

94 3959 290 4037 ‘quamquam
312 3961 355 4017 vis
379 3958 428 4020 alti
453 3959 580 4021 volneris
596 3958 697 4018 ardet'
721 3963 800 4019 omni
825 3969 906 4021 earet
928 3960 1145 4040 probabilitate,
1170 3978 1237 4021 cum

92 4127 123 4184 in
147 4128 184 4185 M
204 4057 354 4187 ΤΑΒΒΕΤ
377 4130 521 4207 scriptum
547 4136 576 4188 et
597 4129 617 4189 S
641 4123 738 4190 littera
769 4132 942 4208 saepissime
965 4133 995 4190 in
1018 4129 1102 4190 libris
1126 4131 1237 4189 nostris

92 4244 148 4304 pro
171 4225 195 4284 'l'
220 4226 316 4287 habita
339 4231 386 4290 sit.
461 4230 688 4309 Peerlkampnm
713 4239 745 4290 ut
768 4248 911 4308 sequerer
934 4230 1149 4292 commutandis
1173 4248 1236 4289 ver·

93 4325 198 4387 borurn
228 4334 380 4406 acceperit
414 4338 443 4390 et
475 4333 617 4392 333133νὶ1
649 4332 767 4392 sedibus
790 4334 861 4393 alen.
885 4333 921 4393 lll
945 4329 1004 4394 471
1031 4350 1074 4410 sq.
1110 4332 1235 4391 rrraxime
