3038 4912
244 321 303 385 156
692 345 936 386 rnonnoounun.

183 523 186 534 ·
242 512 368 573 advertit
393 511 587 591 hypallagem
619 511 671 574 sed
701 511 859 574 huioloco
882 515 1011 574 sirecte
1038 515 1152 574 conieci
1175 513 1275 594 diplen
1299 516 1396 592 rueris-

242 616 412 693 stigmenen
429 615 595 706 adpositam
609 615 711 684 luisse,
736 615 864 676 lorlasse
879 614 1042 677 Aristarchi
1058 615 1202 696 exemplo,
1227 617 1278 696 qni
1294 633 1397 694 triveam

244 724 274 777 ot
297 724 471 796 punctalam
496 715 596 797 diplon
630 734 777 795 nusquam
806 719 999 788 consociavit,
1029 717 1108 779 illius
1137 720 1254 796 signum
1283 720 1315 777 in
1343 716 1398 778 hao

243 820 342 880 inesse
375 817 494 887 videns,
530 818 644 880 Probus
682 837 804 898 quoquc
837 818 897 880 sola
931 827 1070 900 punctata
1104 822 1146 881 uti
1179 821 1250 880 satis
1281 819 1396 880 hahuit.

243 923 402 982 Praeterea
425 923 540 982 ultorio
563 920 617 982 Xll
643 919 705 982 174
728 931 757 982 at
775 922 880 995 sumat
895 921 934 982 lll
950 919 969 983 3
985 920 1125 982 vocabula
1142 921 1241 1002 diplen
1257 920 1397 983 habuisse

242 1024 388 1102 suspicor.

328 1125 371 1185 Eo
394 1131 495 1186 autem
518 1126 612 1204 magis
635 1123 733 1206 diplae
757 1145 830 1187 usus
853 1127 942 1187 etiam
966 1125 1043 1205 apud
1059 1124 1190 1187 Probum
1214 1125 1398 1188 coercendus

247 1234 300 1296 est,
324 1226 402 1307 quod
426 1225 482 1288 alia
506 1245 625 1307 quoquc
649 1229 734 1306 signa
756 1236 877 1307 praesto
895 1237 988 1298 erant,
1013 1227 1121 1309 quihus
1144 1229 1233 1289 certis
1248 1227 1285 1288 de
1301 1229 1398 1288 causis

248 1327 452 1390 memorabilia
481 1337 665 1390 notarentur.
722 1330 794 1391 Nam
830 1337 860 1391 et
892 1329 1038 1410 quidquid
1071 1331 1281 1410 ‘praecipue’,
1315 1328 1344 1388 h.
1369 1349 1395 1389 e.

246 1433 367 1508 egregie
390 1431 500 1491 (lictum
523 1429 688 1503 videbatur,
712 1449 830 1493 ancora
851 1436 1010 1509 superiore
1030 1431 1192 1510 insignibat
1215 1431 1251 1510 (e.
1275 1451 1300 1490 c.
1321 1434 1395 1492 llen.

245 1533 271 1593 x
295 1530 334 1594 18
371 1532 426 1594 Xll
449 1528 514 1593 605
532 1533 653 1613 (loros),
684 1542 714 1594 et
734 1535 759 1594 si
782 1535 852 1612 quid
882 1534 1044 1596 ‘humilius
1071 1533 1116 1594 vel
1138 1534 1396 1595 inconvenientius

247 1636 452 1697 criuntiatum'
475 1635 631 1706 sentiebat,
656 1636 805 1710 inferiore
827 1654 943 1698 ancora
967 1636 1097 1697 notabat.
1142 1635 1221 1714 Ergo
1237 1635 1314 1695 hanc
1337 1636 1398 1695 lor·

245 1739 326 1797 tasse
346 1736 388 1797 illi
410 1738 519 1799 Dianae
541 1739 664 1815 imagini
685 1740 858 1818 praeposuit
868 1741 940 1800 hen.
964 1739 976 1799 l
999 1736 1062 1800 498
1078 1727 1155 1818 squ,
1177 1756 1266 1817 qvam
1289 1737 1400 1797 acriter

245 1841 429 1918 vituperavit,
454 1849 610 1918 praeterea
633 1839 708 1900 adv
729 1835 793 1899 432
817 1838 918 1919 (acer),
943 1841 966 1900 ll
994 1838 1053 1901 173
1078 1841 1183 1918 (salsus
1205 1836 1321 1917 sudor),
1345 1837 1398 1899 llll

243 1936 306 2002 359
330 1939 385 2020 (liis
399 1943 525 2002 auribus
539 1942 648 2020 haesi),
673 1939 736 2002 Vlll
751 1938 815 2004 406
831 1941 978 2022 (infusus),
1002 1942 1052 2003 Vll
1067 1938 1128 2002 421
1153 1940 1248 2020 (susos
1257 1937 1396 2017 potiere).

328 2041 529 2127 Frequentem
554 2045 645 2104 luisse
672 2062 779 2104 usumc
806 2053 1021 2106 onsentaneum
1045 2050 1091 2105 est
1116 2049 1204 2112 notae
1222 2043 1401 2119 phrorrtidis

245 2146 294 2232 (ᾧ),
320 2162 394 2222 qnae
417 2143 514 2206 locum
538 2145 668 2206 habehat
689 2147 844 2225 ‘quotiens
866 2144 911 2206 vel
935 2145 1105 2238 emendatio
1128 2143 1173 2205 vel
1196 2157 1303 2206 sensus
1333 2161 1399 2203 ver·

226 2247 332 2336 ¹sus*)
355 2245 515 2308 sollicitius
538 2255 603 2308 erat
624 2248 855 2327 inspiciendus'‚
879 2246 924 2307 rel
939 2256 973 2309 nt
987 2247 1093 2308 Isidori
1110 2246 1207 2307 verbis
1231 2253 1304 2314 utar,
1328 2242 1400 2305 ‘ubi

127 2343 131 2350 ’
244 2347 356 2428 aliquid
381 2348 571 2409 obscuritatis
588 2353 681 2410 erat’.
712 2349 898 2426 Ubicumque
913 2351 1004 2427 igitur
1020 2366 1167 2424 quaerere
1182 2347 1227 2407 vol
1242 2349 1401 2423 requirere

247 2449 379 2512 l‘rohum
402 2450 439 2510 de
462 2449 562 2530 aliquo
584 2449 651 2511 loco
674 2450 844 2511 adnotatum
869 2450 1010 2528 legimus,
1040 2449 1117 2510 hanc
1144 2457 1244 2514 notam
1267 2450 1299 2509 in
1320 2465 1399 2508 mar-

247 2553 317 2630 gine
341 2553 434 2613 luisse
456 2552 644 2613 statuendum
667 2554 734 2630 erit.
778 2551 930 2632 Exemplis
952 2559 1038 2613 sunto
1054 2552 1126 2612 hen.
1144 2552 1180 2612 vl
1195 2546 1258 2612 782
1274 2549 1401 2625 (animos

247 2655 391 2730 aequabit
414 2653 567 2734 Olympo),
598 2671 776 2734 quamquam
804 2653 875 2714 huic
903 2656 1000 2716 versui
1029 2656 1116 2714 etiam
1145 2650 1246 2731 diplen
1269 2651 1398 2712 vindica·

244 2756 349 2825 vimus,
373 2774 465 2834 porro
487 2751 584 2816 11183
601 2756 760 2835 (iunaimus
774 2757 903 2833 hospitio
918 2754 1065 2835 dextros),
1089 2751 1203 2816 71473
1220 2754 1399 2834 (pristinus),

245 2857 283 2918 vl
308 2855 367 2919 177
394 2859 470 2938 (cum
494 2855 601 2936 alogo).
645 2857 740 2918 Etiam
763 2855 800 2918 ad
816 2856 865 2917 Vll
886 2855 949 2920 543
973 2877 1040 2919 enm
1064 2856 1142 2917 idem
1166 2857 1284 2934 signum
1306 2855 1399 2935 adpo·

247 2961 345 3021 suisse
368 2960 544 3039 putaverim,
568 2958 672 3021 saltem
696 2966 729 3021 ut
751 2978 810 3020 non
827 2958 1078 3039 adquiescendum
1096 2977 1161 3018 osse
1184 2959 1215 3018 in
1239 2956 1399 3018 durissima

251 3060 464 3138 explicatione,
493 3060 547 3122 sed
569 3062 676 3122 melius
699 3060 901 3146 quaerendum
931 3063 1084 3122 fateretur.
1134 3060 1269 3139 [lenique
1297 3060 1399 3119 nescio

233 3182 289 3236 an
313 3163 468 3224 historiam
492 3181 611 3243 quoque
632 3162 761 3236 dePane
784 3171 813 3224 ct
835 3163 917 3224 Luna
941 3163 997 3240 ige.
1021 3159 1167 3238 111391),
1191 3162 1278 3221 cuius
1300 3168 1399 3221 ancto-

242 3283 313 3326 rem
338 3284 371 3326 se
394 3267 512 3326 nescire
533 3267 655 3335 notavit,
680 3265 839 3345 phrontide
862 3264 980 3343 dignam
1004 3259 1150 3324 babueril.

332 3366 391 3428 Sed
414 3377 533 3446 praeter
556 3366 657 3445 diplcn
680 3375 709 3427 et
731 3385 856 3428 ancoras
880 3375 909 3426 et
937 3363 1098 3445 phrontida
1130 3372 1159 3425 et
1187 3372 1286 3425 cetera
1313 3366 1400 3425 chre·

246 3472 342 3530 simon
367 3457 427 3548 (>'’<)
452 3475 572 3546 praesto
604 3475 681 3537 crat,
712 3478 744 3529 nt
772 3468 916 3549 quidquid
947 3484 1133 3545 quacumque
1160 3465 1215 3526 alia
1244 3466 1281 3526 dc
1310 3484 1400 3526 causa

249 3572 381 3632 animum
405 3569 574 3630 adverterat
603 3577 787 3640 enotaretur,
817 3569 916 3648 idque,
942 3569 1019 3649 qnod
1043 3555 1099 3629 ‘cx
1123 3567 1278 3629 voluntate
1295 3568 1398 3628 unius·

248 3673 404 3751 cuiusque'
429 3673 502 3750 poni
517 3671 635 3740 dicitur,
661 3670 841 3750 intellegitur
870 3691 929 3744 non
960 3672 1072 3733 criticis
1094 3677 1206 3731 tantum
1229 3670 1281 3731 sed
1306 3671 1401 3730 cuivis

250 3772 355 3834 lectori
376 3774 406 3832 in
433 3791 487 3834 usu
511 3774 614 3834 luisse.
657 3772 770 3845 Quodsi
792 3775 828 3834 do
851 3774 949 3835 l‘roho
972 3774 1173 3834 coniecturam
1197 3773 1296 3833 lacere
1319 3769 1399 3840 licet,

251 3882 370 3955 poterat
401 3877 604 3952 grammaticis
636 3877 763 3938 maxime
796 3878 899 3937 lormis
933 3884 963 3936 el
996 3875 1154 3936 structuris
1189 3882 1218 3934 et
1250 3872 1401 3934 vocabulis

252 3965 417 4038 rarioribus
450 3977 645 4039 observandis
674 3978 844 4039 chresimon
876 3975 1035 4047 adhihere,
1072 3975 1151 4037 velut
1182 3975 1218 4036 ad
1252 3975 1400 4055 participii

246 4200 549 4208 ——-.

315 4333 340 4400 *l
360 4335 407 4385 Sic
424 4335 561 4401 Berghiuo
578 4335 684 4387 annali.
704 4335 813 4400 philoll.
833 4336 897 4385 1861
917 4350 943 4400 p.
961 4336 1020 4387 319.
1044 4335 1098 4383 eius
1116 4348 1205 4382 uersus
1230 4331 1291 4383 cod.
1310 4347 1401 4383 aeaeae

248 4424 302 4474 elue
318 4437 408 4474 uersus
426 4420 680 4474 Reifferscheidins.
