3038 4912
720 343 964 388 Puonmoatnnt.

722 867 856 945 Carnu
878 869 964 945 VII.

606 1051 669 1134 De
700 1051 822 1134 Vario
854 1059 898 1133 et
927 1051 1074 1132 Tucca.

782 1281 908 1293 —uu

358 1435 551 1510 Quorumde
573 1453 664 1515 opera
687 1435 819 1498 Donatus
844 1434 889 1496 vei
912 1436 1023 1498 rectius
1046 1444 1150 1522 auctor
1173 1438 1237 1498 eius
1260 1439 1421 1499 Suetonius

271 1561 302 1621 p.
326 1537 369 1602 63
391 1556 456 1618 sqq.
480 1537 554 1600 haec
576 1533 720 1610 rrarravit:
1276 1605 1280 1614 ⁸

248 1661 254 1673 ·
357 1621 503 1701 ‘heredes
524 1640 595 1700 iecit
617 1684 744 1700 .....
769 1642 803 1700 L.
827 1629 953 1702 Varium
976 1647 1006 1700 et
1021 1642 1150 1701 Plotium
1176 1641 1317 1704 Tuccam.
1364 1644 1421 1714 Oui

275 1747 339 1806 eius
362 1744 499 1804 Aeneida
522 1749 595 1821 post⁴
612 1741 724 1803 obitum
747 1743 831 1804 iussu
854 1744 987 1805 Caesaris
1008 1744 1223 1818 emendarunt,
1249 1742 1286 1803 de
1308 1761 1365 1821 qua
1388 1763 1421 1804 re

274 1845 398 1925 Sulpicii
420 1843 673 1922 Carthaginiensis
695 1853 794 1905 331331
816 1843 985 1906 huiusmodi
1007 1861 1129 1904 versus.
1145 1890 1151 1903 .
1165 1891 1193 1906 ..
1223 1845 1332 1923 Egerit
1354 1864 1422 1906 curn

276 1948 376 2016 Vario,
405 1947 578 2025 priusquam
601 1944 682 2006 ltalia
705 1943 877 2017 decederet,
907 1954 940 2007 ut
968 1945 1085 2024 siquid
1109 1945 1164 2006 sihi
1187 1946 1344 2009 accidisset
1366 1949 1421 2008 Ae·

274 2047 362 2110 aeide
384 2046 590 2116 combureret;
615 2046 667 2109 sed
689 2050 715 2109 is
737 2049 884 2110 iacturum
907 2066 940 2108 se
962 2056 1151 2128 pernegarat.
1202 2048 1295 2126 Igitur
1316 2051 1347 2109 in
1371 2065 1421 2109 ex·

277 2159 373 2212 trema
411 2147 577 2211 valetudine
613 2151 723 2212 scrinia
759 2148 936 2212 desideravit
972 2157 1158 2211 crematurus
1195 2152 1274 2230 ipse:
1318 2169 1421 2211 verum

274 2252 395 2314 nemine
417 2251 561 2312 offerente
582 2253 659 2313 utlaii
680 2254 799 2329 quidem
826 2255 1001 2314 nominatim
1029 2253 1066 2313 de
1094 2269 1132 2312 ea
1158 2255 1254 2327 cauit,
1289 2259 1422 2313 ceterum

275 2357 371 2416 eidem
401 2355 495 2415 Vario
518 2372 556 2415 ac
577 2356 666 2416 simut
691 2355 810 2416 Tuccae
836 2355 953 2430 3331313
974 2371 1031 2415 sua
1052 2354 1105 2415 sua
1128 2371 1165 2414 ea
1186 2355 1361 2414 condicione
1382 2357 1422 2414 te-

274 2458 370 2533 pavit,
395 2472 433 2516 33
454 2456 529 2531 quid
548 2457 674 2518 ederent
694 2458 777 2533 quod
797 2471 855 2516 333
878 2471 898 2514 3
918 2473 951 2516 33
972 2457 1084 2516 editum
1105 2462 1189 2516 esset.
1240 2457 1347 2518 Edidit
1368 2473 1423 2517 au-

192 2611 194 2617 ,
242 2593 245 2606 .
276 2567 332 2620 tem
354 2563 481 2619 auctore
503 2558 640 2633 ammio
668 2561 795 2632 Varius,
826 2558 882 2618 sed
906 2559 1075 2618 summatim
1104 2558 1280 2631 emendata,
1311 2565 1346 2617 ut
1372 2561 1427 2633 aui

278 2659 912 2736 333333113313331331333133131331
937 2661 1109 2734 reliquerit·
1138 2671 1214 2735 quos
1241 2655 1327 2719 multi
1354 2677 1424 2720 rnox

278 2760 420 2842 supplere
453 2763 551 2824 conati
585 2780 645 2822 non
677 2761 801 2842 perinde
835 2759 992 2822 valuerunt
1020 2757 1058 2821 oh
1092 2757 1310 2830 difficultatem,
1344 2761 1424 2840 qood

280 2863 380 2924 omnia
402 2864 467 2924 iere
489 2862 566 2942 apud
591 2882 659 2924 3331
682 2862 867 2924 hemistichia
890 2861 1025 2924 absoluto
1040 2861 1236 2948 perfectoque
1251 2868 1321 2924 3331
1335 2880 1424 2924 sensu

278 2972 398 3046 praeter
420 2963 510 3026 illud:
535 2982 624 3042 quem
648 2965 700 3026 tihi
716 2966 814 3027 Troia.
860 2965 951 3027 Nisus
970 2968 1187 3040 arammaucus
1209 2966 1331 3026 audisse
1351 2983 1383 3025 33
1405 2982 1425 3024 3

278 3069 445 3130 senioribus
466 3068 584 3141 aiebat,
622 3070 748 3129 Varium
775 3069 923 3130 librorum
946 3069 1081 3129 ordinem
1107 3073 1302 3128 caramutasse
1322 3073 1352 3126 et
1374 3069 1428 3144 qui

256 3251 257 3254 Ἴ
279 3187 359 3232 nunc
380 3171 530 3231 secundus
550 3171 590 3229 sit
610 3173 642 3231 13
662 3173 802 3248 primum,
826 3173 945 3231 tertium
968 3172 1000 3229 iu
1022 3171 1186 3231 secundum
1207 3176 1236 3230 31
1247 3171 1379 3244 primum
1393 3171 1425 3229 13
1496 3197 1505 3222 ι

279 3275 402 3334 tertium
417 3276 513 3333 lacum
527 3275 725 3342 transtulisse,
747 3275 838 3333 etiam
855 3273 954 3348 primi
971 3271 1044 3332 11131
1056 3273 1227 3332 correxisse
1237 3273 1426 3348 principium

279 3375 327 3434 tris
363 3375 496 3436 uersatus
533 3375 676 3449 demntis:
719 3371 769 3434 1113
802 3389 870 3450 ego,
909 3374 961 3453 qui
993 3372 1141 3450 quondam
1166 3419 1173 3432 .
1197 3419 1204 3432 .
1230 3418 1236 3432 .
1270 3371 1425 3434 horrentia

281 3476 412 3537 Martis)

366 3575 453 3638 Redit
476 3583 575 3637 autern
600 3578 681 3656 prior
703 3584 785 3639 certe
808 3575 897 3637 huius
919 3577 1083 3638 memoriae
1110 3594 1180 3656 pars
1203 3576 1238 3637 ad
1262 3575 1349 3654 longe
1372 3595 1426 3656 op·

284 3682 388 3741 timum
412 3686 582 3748 auctorem,
610 3679 710 3758 ipsum
733 3678 847 3740 scilicet
877 3680 1017 3756 Varium,
1046 3679 1130 3739 cuius
1157 3665 1328 3739 testimonio
1358 3696 1428 3738 curn

282 3779 483 3854 Quintilianus
499 3781 524 3842 X
539 3777 570 3850 3,
595 3777 614 3842 8
638 3782 667 3843 in
691 3781 737 3840 his
759 3786 859 3841 utatur
882 3781 1070 3854 ‘Verpiiimn
1093 3797 1212 3856 quoque
1227 3782 1429 3856 partcissimos

206 3897 207 3902 ’
282 3887 332 3945 die
353 3887 552 3960 composuisse
574 3900 676 3944 rerem
698 3892 807 3944 auctor
832 3889 877 3942 est
904 3884 1050 3957 Varius’,
1081 3890 1161 3943 certa
1190 3882 1360 3941 coniectura
1391 3881 1427 3941 ad

284 3985 411 4048 eundern
433 3987 599 4046 reseremus
622 4003 697 4064 quae
721 3979 1269 4063 333163111313111111013333333
1292 3981 1427 4043 exhibet:

283 4090 398 4149 ‘amici
420 4086 653 4162 familiaresque
675 4087 709 4146 P.
740 4088 868 4161 Verpitii
887 4088 918 4146 13
945 4089 1003 4161 eis,
1028 4101 1106 4162 quae
1128 4086 1166 4144 de
1191 4087 1312 4159 inperio
1338 4088 1429 4146 mort-

283 4190 394 4266 husque
423 4193 487 4250 3133
514 4191 676 4249 memoriae
702 4189 911 4262 tradiderunt,
948 4187 1048 4248 dicere
1076 4205 1143 4246 eum
1172 4184 1289 4248 solitum
1318 4187 1428 4257 ierunt,

286 4310 393 4371 parere
416 4309 449 4350 se
472 4307 575 4351 versus
598 4307 680 4349 more
703 4296 791 4368 atque
813 4289 872 4349 ritu
896 4291 1016 4350 ursino’
1040 4307 1065 4348 e.
1090 4305 1118 4366 q.
1141 4306 1165 4348 3.
1216 4287 1330 4359 Ooihus
1353 4305 1430 4365 quae

285 4395 410 4478 propius
434 4391 521 4452 etiarn
545 4389 581 4452 ah
604 4391 698 4472 ipsius
720 4391 799 4452 Varii
823 4391 921 4454 verbis
943 4390 1048 4453 abesse
1070 4390 1237 4472 putaverim
1259 4389 1338 4452 tuem
1354 4391 1427 4452 Suc·
