<?xml version="1.0" encoding="UTF-8"?>
<!DOCTYPE html PUBLIC "-//W3C//DTD XHTML 1.0 Transitional//EN"
    "http://www.w3.org/TR/xhtml1/DTD/xhtml1-transitional.dtd">
<html xmlns="http://www.w3.org/1999/xhtml" xml:lang="en" lang="en">
 <head>
  <title>
</title>
<meta http-equiv="Content-Type" content="text/html;charset=utf-8" />
  <meta name='ocr-system' content='tesseract 3.04.00' />
  <meta name='ocr-capabilities' content='ocr_page ocr_carea ocr_par ocr_line ocrx_word'/>
</head>
<body>
  <div class='ocr_page' id='page_1' title='image "./pvergilimaronis01ribbgoog/pvergilimaronis01ribbgoog_0097.png"; bbox 0 0 2962 4904; ppageno 0'>
   <div class='ocr_carea' id='block_1_1' title="bbox 669 362 914 418">
    <p class='ocr_par' dir='ltr' id='par_1_1' title="bbox 669 362 914 418">
     <span class='ocr_line' id='line_1_1' title="bbox 669 362 914 418; baseline -0.008 -13"><span class='ocrx_word' id='word_1_1' title='bbox 669 362 914 418; x_wconf 78' lang='lat' dir='ltr'>anouaopuunx.</span> 
     </span>
    </p>
   </div>
   <div class='ocr_carea' id='block_1_2' title="bbox 298 531 1286 954">
    <p class='ocr_par' dir='ltr' id='par_1_2' title="bbox 374 531 1093 610">
     <span class='ocr_line' id='line_1_2' title="bbox 374 531 1093 610; baseline -0.004 -19"><span class='ocrx_word' id='word_1_2' title='bbox 374 535 506 610; x_wconf 89' lang='lat' dir='ltr'>supplicia</span> <span class='ocrx_word' id='word_1_3' title='bbox 529 536 678 594; x_wconf 74' lang='lat' dir='ltr'>hausurum</span> <span class='ocrx_word' id='word_1_4' title='bbox 702 536 822 610; x_wconf 84' lang='lat' dir='ltr'>seopulis</span> <span class='ocrx_word' id='word_1_5' title='bbox 844 544 872 594; x_wconf 89' lang='lat' dir='ltr'>et</span> <span class='ocrx_word' id='word_1_6' title='bbox 894 535 1005 594; x_wconf 86' lang='lat' dir='ltr'>nomine</span> <span class='ocrx_word' id='word_1_7' title='bbox 1027 531 1093 589; x_wconf 88' lang='lat' dir='ltr'>llido</span> 
     </span>
    </p>

    <p class='ocr_par' dir='ltr' id='par_1_3' title="bbox 298 631 1286 864">
     <span class='ocr_line' id='line_1_3' title="bbox 372 631 644 697; baseline 0 -19"><span class='ocrx_word' id='word_1_8' title='bbox 372 640 454 697; x_wconf 89' lang='lat' dir='ltr'>saepe</span> <span class='ocrx_word' id='word_1_9' title='bbox 477 631 644 678; x_wconf 86' lang='lat' dir='ltr'>vocatorum.</span> 
     </span>
     <span class='ocr_line' id='line_1_4' title="bbox 298 702 1286 767; baseline 0.002 -10"><span class='ocrx_word' id='word_1_10' title='bbox 298 709 348 759; x_wconf 80' lang='grc'>387</span> <span class='ocrx_word' id='word_1_11' title='bbox 371 708 476 764; x_wconf 79' lang='lat' dir='ltr'>audiam</span> <span class='ocrx_word' id='word_1_12' title='bbox 500 717 527 764; x_wconf 90' lang='lat' dir='ltr'>et</span> <span class='ocrx_word' id='word_1_13' title='bbox 550 708 617 764; x_wconf 79' lang='lat' dir='ltr'>llaec</span> <span class='ocrx_word' id='word_1_14' title='bbox 639 710 723 764; x_wconf 91' lang='lat' dir='ltr'>manis</span> <span class='ocrx_word' id='word_1_15' title='bbox 748 711 836 765; x_wconf 89' lang='lat' dir='ltr'>veniet</span> <span class='ocrx_word' id='word_1_16' title='bbox 859 707 923 764; x_wconf 89' lang='lat' dir='ltr'>mihi</span> <span class='ocrx_word' id='word_1_17' title='bbox 948 708 1016 765; x_wconf 86' lang='lat' dir='ltr'>laura</span> <span class='ocrx_word' id='word_1_18' title='bbox 1038 705 1089 764; x_wconf 88' lang='lat' dir='ltr'>suh</span> <span class='ocrx_word' id='word_1_19' title='bbox 1112 707 1190 767; x_wconf 88' lang='lat' dir='ltr'>irnos,</span> <span class='ocrx_word' id='word_1_20' title='bbox 1281 702 1286 714; x_wconf 92' lang='lat'>&#39;</span> 
     </span>
     <span class='ocr_line' id='line_1_5' title="bbox 298 793 1078 864; baseline 0.001 -16"><span class='ocrx_word' id='word_1_21' title='bbox 298 795 348 848; x_wconf 82' lang='lat'>385</span> <span class='ocrx_word' id='word_1_22' title='bbox 371 801 399 850; x_wconf 88' lang='lat' dir='ltr'>et</span> <span class='ocrx_word' id='word_1_23' title='bbox 422 812 482 849; x_wconf 91' lang='lat' dir='ltr'>cum</span> <span class='ocrx_word' id='word_1_24' title='bbox 507 794 602 864; x_wconf 78' lang='lat' dir='ltr'>lrlghla</span> <span class='ocrx_word' id='word_1_25' title='bbox 626 811 700 850; x_wconf 85' lang='lat' dir='ltr'>rrrors</span> <span class='ocrx_word' id='word_1_26' title='bbox 722 794 810 852; x_wconf 90' lang='lat' dir='ltr'>anima</span> <span class='ocrx_word' id='word_1_27' title='bbox 833 793 971 851; x_wconf 76' lang='lat' dir='ltr'>seduxerit</span> <span class='ocrx_word' id='word_1_28' title='bbox 993 801 1078 856; x_wconf 89' lang='lat' dir='ltr'>artus,</span> 
     </span>
    </p>

    <p class='ocr_par' dir='ltr' id='par_1_4' title="bbox 373 878 1243 954">
     <span class='ocr_line' id='line_1_6' title="bbox 373 878 1243 954; baseline 0 -20"><span class='ocrx_word' id='word_1_29' title='bbox 373 879 499 936; x_wconf 89' lang='lat' dir='ltr'>omnibus</span> <span class='ocrx_word' id='word_1_30' title='bbox 521 879 617 936; x_wconf 89' lang='lat' dir='ltr'>nmhra</span> <span class='ocrx_word' id='word_1_31' title='bbox 638 879 707 936; x_wconf 88' lang='lat' dir='ltr'>locis</span> <span class='ocrx_word' id='word_1_32' title='bbox 730 880 821 938; x_wconf 86' lang='lat' dir='ltr'>adero.</span> <span class='ocrx_word' id='word_1_33' title='bbox 865 878 955 940; x_wconf 78' lang='lat' dir='ltr'>alahis,</span> <span class='ocrx_word' id='word_1_34' title='bbox 979 879 1114 954; x_wconf 69' lang='lat' dir='ltr'>inprohcr</span> <span class='ocrx_word' id='word_1_35' title='bbox 1132 894 1243 950; x_wconf 87' lang='lat' dir='ltr'>poenas.</span> 
     </span>
    </p>
   </div>
   <div class='ocr_carea' id='block_1_3' title="bbox 219 1053 1366 2456">
    <p class='ocr_par' dir='ltr' id='par_1_5' title="bbox 219 1053 1366 2456">
     <span class='ocr_line' id='line_1_7' title="bbox 219 1053 1365 1144; baseline -0.002 -20"><span class='ocrx_word' id='word_1_36' title='bbox 219 1064 227 1073; x_wconf 85' lang='lat'>&#39;</span> <span class='ocrx_word' id='word_1_37' title='bbox 304 1064 429 1126; x_wconf 80' lang='lat' dir='ltr'>Sextum</span> <span class='ocrx_word' id='word_1_38' title='bbox 452 1063 559 1125; x_wconf 91' lang='lat' dir='ltr'>lihrnm</span> <span class='ocrx_word' id='word_1_39' title='bbox 581 1072 614 1126; x_wconf 90' lang='lat' dir='ltr'>nt</span> <span class='ocrx_word' id='word_1_40' title='bbox 636 1066 776 1126; x_wconf 75' lang='lat' dir='ltr'><strong>recitaret</strong></span> <span class='ocrx_word' id='word_1_41' title='bbox 798 1072 885 1144; x_wconf 86' lang='lat' dir='ltr'>poeta</span> <span class='ocrx_word' id='word_1_42' title='bbox 908 1062 1018 1143; x_wconf 80' lang='lat' dir='ltr'>tluplici</span> <span class='ocrx_word' id='word_1_43' title='bbox 1045 1064 1159 1124; x_wconf 91' lang='lat' dir='ltr'>ratione</span> <span class='ocrx_word' id='word_1_44' title='bbox 1188 1053 1287 1142; x_wconf 82' lang='lat' dir='ltr'>potest</span> <span class='ocrx_word' id='word_1_45' title='bbox 1315 1062 1365 1122; x_wconf 88' lang='lat' dir='ltr'>ad·</span> 
     </span>
     <span class='ocr_line' id='line_1_8' title="bbox 220 1164 1366 1246; baseline -0.002 -20"><span class='ocrx_word' id='word_1_46' title='bbox 220 1165 327 1226; x_wconf 88' lang='lat' dir='ltr'>ductus</span> <span class='ocrx_word' id='word_1_47' title='bbox 355 1186 435 1227; x_wconf 89' lang='lat' dir='ltr'>esse:</span> <span class='ocrx_word' id='word_1_48' title='bbox 469 1168 598 1246; x_wconf 91' lang='lat' dir='ltr'>primum</span> <span class='ocrx_word' id='word_1_49' title='bbox 629 1175 669 1228; x_wconf 89' lang='lat' dir='ltr'>nt</span> <span class='ocrx_word' id='word_1_50' title='bbox 689 1169 741 1236; x_wconf 90' lang='lat' dir='ltr'>eis,</span> <span class='ocrx_word' id='word_1_51' title='bbox 771 1169 821 1246; x_wconf 93' lang='lat' dir='ltr'>qui</span> <span class='ocrx_word' id='word_1_52' title='bbox 850 1166 887 1227; x_wconf 82' lang='lat' dir='ltr'>tle</span> <span class='ocrx_word' id='word_1_53' title='bbox 916 1166 1033 1227; x_wconf 90' lang='lat' dir='ltr'>lunesto</span> <span class='ocrx_word' id='word_1_54' title='bbox 1055 1164 1177 1226; x_wconf 83' lang='lat' dir='ltr'>Didonis</span> <span class='ocrx_word' id='word_1_55' title='bbox 1206 1184 1308 1225; x_wconf 90' lang='lat' dir='ltr'>amore</span> <span class='ocrx_word' id='word_1_56' title='bbox 1338 1173 1366 1224; x_wconf 89' lang='lat' dir='ltr'>et</span> 
     </span>
     <span class='ocr_line' id='line_1_9' title="bbox 221 1269 1365 1349; baseline 0.003 -22"><span class='ocrx_word' id='word_1_57' title='bbox 221 1269 302 1329; x_wconf 90' lang='lat' dir='ltr'>exitu</span> <span class='ocrx_word' id='word_1_58' title='bbox 325 1287 446 1330; x_wconf 90' lang='lat' dir='ltr'>carmen</span> <span class='ocrx_word' id='word_1_59' title='bbox 469 1270 651 1338; x_wconf 88' lang='lat' dir='ltr'>audiverant,</span> <span class='ocrx_word' id='word_1_60' title='bbox 676 1271 764 1330; x_wconf 87' lang='lat' dir='ltr'>etiam</span> <span class='ocrx_word' id='word_1_61' title='bbox 788 1277 955 1330; x_wconf 87' lang='lat' dir='ltr'>extremum</span> <span class='ocrx_word' id='word_1_62' title='bbox 978 1269 1054 1347; x_wconf 80' lang='lat' dir='ltr'>apurl</span> <span class='ocrx_word' id='word_1_63' title='bbox 1070 1269 1184 1329; x_wconf 85' lang='lat' dir='ltr'>interos</span> <span class='ocrx_word' id='word_1_64' title='bbox 1199 1271 1365 1349; x_wconf 86' lang='lat' dir='ltr'>inplacatae</span> 
     </span>
     <span class='ocr_line' id='line_1_10' title="bbox 220 1367 1366 1451; baseline 0.001 -20"><span class='ocrx_word' id='word_1_65' title='bbox 220 1372 340 1447; x_wconf 85' lang='lat' dir='ltr'>reginae</span> <span class='ocrx_word' id='word_1_66' title='bbox 363 1378 392 1431; x_wconf 91' lang='lat' dir='ltr'>et</span> <span class='ocrx_word' id='word_1_67' title='bbox 414 1373 531 1432; x_wconf 77' lang='lat' dir='ltr'>Aeneae</span> <span class='ocrx_word' id='word_1_68' title='bbox 554 1390 747 1450; x_wconf 84' lang='lat' dir='ltr'>congressum</span> <span class='ocrx_word' id='word_1_69' title='bbox 772 1369 806 1448; x_wconf 89' lang='lat' dir='ltr'>(v.</span> <span class='ocrx_word' id='word_1_70' title='bbox 829 1367 893 1432; x_wconf 83' lang='lat'>450</span> <span class='ocrx_word' id='word_1_71' title='bbox 915 1369 992 1450; x_wconf 81' lang='lat' dir='ltr'>sqq.)</span> <span class='ocrx_word' id='word_1_72' title='bbox 1021 1381 1217 1451; x_wconf 71' lang='lat' dir='ltr'><strong>proponeret,</strong></span> <span class='ocrx_word' id='word_1_73' title='bbox 1247 1380 1309 1433; x_wconf 90' lang='lat' dir='ltr'>tum</span> <span class='ocrx_word' id='word_1_74' title='bbox 1333 1381 1366 1433; x_wconf 93' lang='lat' dir='ltr'>ut</span> 
     </span>
     <span class='ocr_line' id='line_1_11' title="bbox 220 1469 1365 1554; baseline 0.004 -23"><span class='ocrx_word' id='word_1_75' title='bbox 220 1471 374 1551; x_wconf 81' lang='lat' dir='ltr'>splentlirla</span> <span class='ocrx_word' id='word_1_76' title='bbox 401 1481 545 1554; x_wconf 78' lang='lat' dir='ltr'>nepotum</span> <span class='ocrx_word' id='word_1_77' title='bbox 574 1473 721 1535; x_wconf 78' lang='lat' dir='ltr'>Anchisae</span> <span class='ocrx_word' id='word_1_78' title='bbox 751 1476 828 1536; x_wconf 88' lang='lat' dir='ltr'>serie</span> <span class='ocrx_word' id='word_1_79' title='bbox 856 1474 1001 1554; x_wconf 87' lang='lat' dir='ltr'>producta</span> <span class='ocrx_word' id='word_1_80' title='bbox 1031 1471 1066 1551; x_wconf 79' lang='lat' dir='ltr'>(v.</span> <span class='ocrx_word' id='word_1_81' title='bbox 1092 1469 1153 1534; x_wconf 84' lang='lat'>756</span> <span class='ocrx_word' id='word_1_82' title='bbox 1176 1474 1252 1554; x_wconf 87' lang='lat' dir='ltr'>sqq.)</span> <span class='ocrx_word' id='word_1_83' title='bbox 1281 1475 1365 1554; x_wconf 89' lang='lat' dir='ltr'>iupa·</span> 
     </span>
     <span class='ocr_line' id='line_1_12' title="bbox 220 1575 1364 1656; baseline 0.003 -22"><span class='ocrx_word' id='word_1_84' title='bbox 220 1575 341 1636; x_wconf 87' lang='lat' dir='ltr'>tientiae</span> <span class='ocrx_word' id='word_1_85' title='bbox 364 1577 498 1637; x_wconf 82' lang='lat' dir='ltr'>Caesaris</span> <span class='ocrx_word' id='word_1_86' title='bbox 521 1577 714 1638; x_wconf 75' lang='lat' dir='ltr'>satisfaceret.</span> <span class='ocrx_word' id='word_1_87' title='bbox 765 1579 861 1655; x_wconf 88' lang='lat' dir='ltr'>Atque</span> <span class='ocrx_word' id='word_1_88' title='bbox 882 1577 918 1638; x_wconf 85' lang='lat' dir='ltr'>in</span> <span class='ocrx_word' id='word_1_89' title='bbox 941 1577 998 1637; x_wconf 89' lang='lat' dir='ltr'>line</span> <span class='ocrx_word' id='word_1_90' title='bbox 1021 1575 1111 1637; x_wconf 93' lang='lat' dir='ltr'>huius</span> <span class='ocrx_word' id='word_1_91' title='bbox 1133 1575 1202 1637; x_wconf 88' lang='lat' dir='ltr'>lihri</span> <span class='ocrx_word' id='word_1_92' title='bbox 1224 1576 1364 1656; x_wconf 87' lang='lat' dir='ltr'>pulcher·</span> 
     </span>
     <span class='ocr_line' id='line_1_13' title="bbox 219 1674 1366 1758; baseline 0 -20"><span class='ocrx_word' id='word_1_93' title='bbox 219 1678 313 1738; x_wconf 89' lang='lat' dir='ltr'>rimus</span> <span class='ocrx_word' id='word_1_94' title='bbox 345 1675 382 1737; x_wconf 81' lang='lat' dir='ltr'>tle</span> <span class='ocrx_word' id='word_1_95' title='bbox 411 1677 548 1739; x_wconf 87' lang='lat' dir='ltr'>Marcello</span> <span class='ocrx_word' id='word_1_96' title='bbox 581 1697 685 1738; x_wconf 89' lang='lat' dir='ltr'>versus</span> <span class='ocrx_word' id='word_1_97' title='bbox 719 1674 792 1758; x_wconf 76' lang='lat'><strong>(860</strong></span> <span class='ocrx_word' id='word_1_98' title='bbox 818 1678 894 1757; x_wconf 83' lang='lat' dir='ltr'>sqq.)</span> <span class='ocrx_word' id='word_1_99' title='bbox 930 1697 963 1739; x_wconf 91' lang='lat' dir='ltr'>ea</span> <span class='ocrx_word' id='word_1_100' title='bbox 997 1697 1053 1758; x_wconf 93' lang='lat' dir='ltr'>qua</span> <span class='ocrx_word' id='word_1_101' title='bbox 1089 1677 1253 1739; x_wconf 74' lang='lat' dir='ltr'>excellebat</span> <span class='ocrx_word' id='word_1_102' title='bbox 1285 1681 1366 1739; x_wconf 85' lang='lat' dir='ltr'>vocis</span> 
     </span>
     <span class='ocr_line' id='line_1_14' title="bbox 224 1776 1364 1860; baseline -0.001 -20"><span class='ocrx_word' id='word_1_103' title='bbox 224 1780 366 1840; x_wconf 88' lang='lat' dir='ltr'>suavitate</span> <span class='ocrx_word' id='word_1_104' title='bbox 390 1781 521 1857; x_wconf 80' lang='lat' dir='ltr'>[Servius</span> <span class='ocrx_word' id='word_1_105' title='bbox 542 1780 613 1842; x_wconf 90' lang='lat' dir='ltr'>Aen.</span> <span class='ocrx_word' id='word_1_106' title='bbox 639 1779 691 1841; x_wconf 98' lang='lat' dir='ltr'>llll</span> <span class='ocrx_word' id='word_1_107' title='bbox 714 1777 778 1842; x_wconf 83' lang='lat'>324</span> <span class='ocrx_word' id='word_1_108' title='bbox 806 1781 936 1842; x_wconf 74' lang='lat' dir='ltr'>licitatus</span> <span class='ocrx_word' id='word_1_109' title='bbox 959 1781 1015 1841; x_wconf 87' lang='lat' dir='ltr'>vita</span> <span class='ocrx_word' id='word_1_110' title='bbox 1038 1800 1066 1860; x_wconf 87' lang='lat' dir='ltr'>p.</span> <span class='ocrx_word' id='word_1_111' title='bbox 1091 1778 1142 1850; x_wconf 83' lang='lat'>61,</span> <span class='ocrx_word' id='word_1_112' title='bbox 1165 1776 1186 1841; x_wconf 88' lang='grc'>5</span> <span class='ocrx_word' id='word_1_113' title='bbox 1208 1781 1264 1860; x_wconf 84' lang='lat' dir='ltr'>sq.)</span> <span class='ocrx_word' id='word_1_114' title='bbox 1287 1781 1364 1841; x_wconf 91' lang='lat' dir='ltr'>reci·</span> 
     </span>
     <span class='ocr_line' id='line_1_15' title="bbox 219 1882 1366 1962; baseline 0.001 -21"><span class='ocrx_word' id='word_1_115' title='bbox 219 1887 286 1942; x_wconf 90' lang='lat' dir='ltr'>tans</span> <span class='ocrx_word' id='word_1_116' title='bbox 309 1883 413 1942; x_wconf 89' lang='lat' dir='ltr'>matris</span> <span class='ocrx_word' id='word_1_117' title='bbox 436 1883 574 1943; x_wconf 87' lang='lat' dir='ltr'>Octaviae</span> <span class='ocrx_word' id='word_1_118' title='bbox 596 1889 748 1944; x_wconf 84' lang='lat' dir='ltr'>recentem</span> <span class='ocrx_word' id='word_1_119' title='bbox 772 1882 904 1944; x_wconf 86' lang='lat' dir='ltr'>dolorem</span> <span class='ocrx_word' id='word_1_120' title='bbox 934 1884 973 1943; x_wconf 92' lang='lat' dir='ltr'>ita</span> <span class='ocrx_word' id='word_1_121' title='bbox 1003 1884 1153 1952; x_wconf 82' lang='lat' dir='ltr'>excitarit,</span> <span class='ocrx_word' id='word_1_122' title='bbox 1183 1889 1216 1943; x_wconf 91' lang='lat' dir='ltr'>ut</span> <span class='ocrx_word' id='word_1_123' title='bbox 1242 1890 1366 1962; x_wconf 88' lang='lat' dir='ltr'>propter</span> 
     </span>
     <span class='ocr_line' id='line_1_16' title="bbox 220 1981 1363 2066; baseline 0.003 -24"><span class='ocrx_word' id='word_1_124' title='bbox 220 1985 344 2044; x_wconf 91' lang='lat' dir='ltr'>nimium</span> <span class='ocrx_word' id='word_1_125' title='bbox 368 1981 470 2044; x_wconf 89' lang='lat' dir='ltr'>lletnm</span> <span class='ocrx_word' id='word_1_126' title='bbox 495 1983 643 2046; x_wconf 89' lang='lat' dir='ltr'>silentium</span> <span class='ocrx_word' id='word_1_127' title='bbox 660 1986 844 2066; x_wconf 86' lang='lat' dir='ltr'>imperarent</span> <span class='ocrx_word' id='word_1_128' title='bbox 859 1993 1008 2066; x_wconf 87' lang='lat' dir='ltr'>parentes,</span> <span class='ocrx_word' id='word_1_129' title='bbox 1032 1987 1089 2046; x_wconf 91' lang='lat' dir='ltr'>nisi</span> <span class='ocrx_word' id='word_1_130' title='bbox 1105 1986 1192 2045; x_wconf 84' lang='lat' dir='ltr'>finem</span> <span class='ocrx_word' id='word_1_131' title='bbox 1210 2003 1276 2046; x_wconf 87' lang='lat' dir='ltr'>esse</span> <span class='ocrx_word' id='word_1_132' title='bbox 1293 1985 1363 2046; x_wconf 86' lang='lat' dir='ltr'>Ver·</span> 
     </span>
     <span class='ocr_line' id='line_1_17' title="bbox 219 2074 1265 2166; baseline 0.004 -22"><span class='ocrx_word' id='word_1_133' title='bbox 219 2084 306 2163; x_wconf 82' lang='lat' dir='ltr'>gilius</span> <span class='ocrx_word' id='word_1_134' title='bbox 329 2074 393 2165; x_wconf 90' lang='lat' dir='ltr'>ipse</span> <span class='ocrx_word' id='word_1_135' title='bbox 417 2086 540 2148; x_wconf 88' lang='lat' dir='ltr'>dixisset</span> <span class='ocrx_word' id='word_1_136' title='bbox 564 2087 692 2166; x_wconf 89' lang='lat' dir='ltr'>(Servius</span> <span class='ocrx_word' id='word_1_137' title='bbox 714 2088 786 2147; x_wconf 90' lang='lat' dir='ltr'>Aen.</span> <span class='ocrx_word' id='word_1_138' title='bbox 811 2083 956 2149; x_wconf 72' lang='lat' dir='ltr'>tinette.</span> <span class='ocrx_word' id='word_1_139' title='bbox 996 2087 1127 2148; x_wconf 82' lang='lat' dir='ltr'>Donatus</span> <span class='ocrx_word' id='word_1_140' title='bbox 1149 2106 1178 2165; x_wconf 88' lang='lat' dir='ltr'>p.</span> <span class='ocrx_word' id='word_1_141' title='bbox 1202 2083 1265 2164; x_wconf 86' lang='grc'>62).</span> 
     </span>
     <span class='ocr_line' id='line_1_18' title="bbox 304 2187 1366 2266; baseline -0.002 -16"><span class='ocrx_word' id='word_1_142' title='bbox 304 2187 461 2250; x_wconf 84' lang='lat' dir='ltr'>Marcellus</span> <span class='ocrx_word' id='word_1_143' title='bbox 484 2195 582 2250; x_wconf 86' lang='lat' dir='ltr'>autern</span> <span class='ocrx_word' id='word_1_144' title='bbox 606 2208 673 2251; x_wconf 85' lang='lat' dir='ltr'>enni</span> <span class='ocrx_word' id='word_1_145' title='bbox 697 2197 823 2250; x_wconf 88' lang='lat' dir='ltr'>exeunte</span> <span class='ocrx_word' id='word_1_146' title='bbox 839 2208 917 2250; x_wconf 85' lang='lat' dir='ltr'>amm</span> <span class='ocrx_word' id='word_1_147' title='bbox 933 2187 993 2250; x_wconf 90' lang='lat'>731</span> <span class='ocrx_word' id='word_1_148' title='bbox 1017 2198 1152 2249; x_wconf 89' lang='lat' dir='ltr'>mortuus</span> <span class='ocrx_word' id='word_1_149' title='bbox 1173 2197 1203 2249; x_wconf 89' lang='lat' dir='ltr'>et</span> <span class='ocrx_word' id='word_1_150' title='bbox 1224 2195 1366 2266; x_wconf 83' lang='lat' dir='ltr'>vergente</span> 
     </span>
     <span class='ocr_line' id='line_1_19' title="bbox 221 2287 1364 2371; baseline 0.001 -21"><span class='ocrx_word' id='word_1_151' title='bbox 221 2287 282 2350; x_wconf 85' lang='grc'>732</span> <span class='ocrx_word' id='word_1_152' title='bbox 304 2293 453 2368; x_wconf 81' lang='lat' dir='ltr'>Angustus</span> <span class='ocrx_word' id='word_1_153' title='bbox 474 2293 505 2351; x_wconf 93' lang='lat' dir='ltr'>in</span> <span class='ocrx_word' id='word_1_154' title='bbox 529 2291 660 2352; x_wconf 90' lang='lat' dir='ltr'>Siciliam</span> <span class='ocrx_word' id='word_1_155' title='bbox 683 2293 837 2371; x_wconf 87' lang='lat' dir='ltr'>prolectas</span> <span class='ocrx_word' id='word_1_156' title='bbox 859 2293 906 2361; x_wconf 92' lang='lat' dir='ltr'>sit,</span> <span class='ocrx_word' id='word_1_157' title='bbox 931 2289 1011 2352; x_wconf 81' lang='lat' dir='ltr'>unte</span> <span class='ocrx_word' id='word_1_158' title='bbox 1034 2309 1111 2352; x_wconf 88' lang='lat' dir='ltr'>anno</span> <span class='ocrx_word' id='word_1_159' title='bbox 1135 2287 1196 2352; x_wconf 91' lang='lat'>733</span> <span class='ocrx_word' id='word_1_160' title='bbox 1219 2291 1249 2350; x_wconf 93' lang='lat' dir='ltr'>in</span> <span class='ocrx_word' id='word_1_161' title='bbox 1272 2292 1364 2352; x_wconf 88' lang='lat' dir='ltr'>Grae·</span> 
     </span>
     <span class='ocr_line' id='line_1_20' title="bbox 221 2389 1365 2456; baseline 0.001 -4"><span class='ocrx_word' id='word_1_162' title='bbox 221 2395 297 2452; x_wconf 89' lang='lat' dir='ltr'>eiam</span> <span class='ocrx_word' id='word_1_163' title='bbox 321 2394 436 2453; x_wconf 84' lang='lat' dir='ltr'>traiecit</span> <span class='ocrx_word' id='word_1_164' title='bbox 458 2412 491 2455; x_wconf 90' lang='lat' dir='ltr'>ac</span> <span class='ocrx_word' id='word_1_165' title='bbox 515 2392 636 2454; x_wconf 91' lang='lat' dir='ltr'>demum</span> <span class='ocrx_word' id='word_1_166' title='bbox 666 2413 692 2454; x_wconf 91' lang='lat' dir='ltr'>a.</span> <span class='ocrx_word' id='word_1_167' title='bbox 718 2389 779 2456; x_wconf 84' lang='lat'>735</span> <span class='ocrx_word' id='word_1_168' title='bbox 806 2413 832 2454; x_wconf 91' lang='lat' dir='ltr'>a.</span> <span class='ocrx_word' id='word_1_169' title='bbox 857 2392 886 2452; x_wconf 71' lang='lat' dir='ltr'>at.</span> <span class='ocrx_word' id='word_1_170' title='bbox 910 2391 961 2452; x_wconf 98' lang='lat' dir='ltr'>llll</span> <span class='ocrx_word' id='word_1_171' title='bbox 984 2391 1025 2453; x_wconf 71' lang='lat' dir='ltr'>lul.</span> <span class='ocrx_word' id='word_1_172' title='bbox 1051 2392 1196 2454; x_wconf 84' lang='lat' dir='ltr'>Octobres</span> <span class='ocrx_word' id='word_1_173' title='bbox 1223 2391 1365 2453; x_wconf 84' lang='grc'>(13133313</span> 
     </span>
    </p>
   </div>
   <div class='ocr_carea' id='block_1_4' title="bbox 199 2493 1365 2778">
    <p class='ocr_par' dir='ltr' id='par_1_6' title="bbox 199 2493 1365 2778">
     <span class='ocr_line' id='line_1_21' title="bbox 199 2493 1365 2590; baseline 0 -36"><span class='ocrx_word' id='word_1_174' title='bbox 199 2496 276 2590; x_wconf 76' lang='grc' dir='ltr'>Ι133]</span> <span class='ocrx_word' id='word_1_175' title='bbox 297 2495 424 2572; x_wconf 76' lang='lat' dir='ltr'>Vergilio</span> <span class='ocrx_word' id='word_1_176' title='bbox 440 2495 563 2556; x_wconf 86' lang='lat' dir='ltr'>Romam</span> <span class='ocrx_word' id='word_1_177' title='bbox 580 2494 818 2566; x_wconf 76' lang='lat' dir='ltr'>rediit-sextum</span> <span class='ocrx_word' id='word_1_178' title='bbox 840 2502 922 2557; x_wconf 88' lang='lat' dir='ltr'>certe</span> <span class='ocrx_word' id='word_1_179' title='bbox 944 2493 1053 2555; x_wconf 91' lang='lat' dir='ltr'>librum</span> <span class='ocrx_word' id='word_1_180' title='bbox 1075 2512 1199 2556; x_wconf 88' lang='lat' dir='ltr'>necesse</span> <span class='ocrx_word' id='word_1_181' title='bbox 1222 2503 1267 2555; x_wconf 89' lang='lat' dir='ltr'>est</span> <span class='ocrx_word' id='word_1_182' title='bbox 1287 2497 1365 2554; x_wconf 90' lang='lat' dir='ltr'>intra</span> 
     </span>
     <span class='ocr_line' id='line_1_22' title="bbox 220 2593 1365 2674; baseline -0.002 -16"><span class='ocrx_word' id='word_1_183' title='bbox 220 2616 314 2658; x_wconf 88' lang='lat' dir='ltr'>annos</span> <span class='ocrx_word' id='word_1_184' title='bbox 338 2594 396 2657; x_wconf 89' lang='grc'>731</span> <span class='ocrx_word' id='word_1_185' title='bbox 424 2593 536 2658; x_wconf 88' lang='grc'>31732</span> <span class='ocrx_word' id='word_1_186' title='bbox 560 2607 703 2658; x_wconf 88' lang='lat' dir='ltr'>exeuntes</span> <span class='ocrx_word' id='word_1_187' title='bbox 725 2603 856 2674; x_wconf 79' lang='lat' dir='ltr'>Arrguste</span> <span class='ocrx_word' id='word_1_188' title='bbox 883 2605 913 2658; x_wconf 90' lang='lat' dir='ltr'>et</span> <span class='ocrx_word' id='word_1_189' title='bbox 935 2596 1072 2658; x_wconf 84' lang='lat' dir='ltr'>Octaviae</span> <span class='ocrx_word' id='word_1_190' title='bbox 1100 2597 1257 2657; x_wconf 88' lang='lat' dir='ltr'>recitatum</span> <span class='ocrx_word' id='word_1_191' title='bbox 1288 2614 1365 2657; x_wconf 86' lang='lat' dir='ltr'>esse.</span> 
     </span>
     <span class='ocr_line' id='line_1_23' title="bbox 221 2695 1365 2778; baseline 0.003 -24"><span class='ocrx_word' id='word_1_192' title='bbox 221 2703 302 2771; x_wconf 68' lang='grc'>11333</span> <span class='ocrx_word' id='word_1_193' title='bbox 325 2698 360 2758; x_wconf 89' lang='lat' dir='ltr'>ad</span> <span class='ocrx_word' id='word_1_194' title='bbox 384 2697 528 2760; x_wconf 86' lang='lat' dir='ltr'>terminos</span> <span class='ocrx_word' id='word_1_195' title='bbox 551 2701 638 2759; x_wconf 85' lang='lat' dir='ltr'>etiarn</span> <span class='ocrx_word' id='word_1_196' title='bbox 663 2718 706 2759; x_wconf 91' lang='lat' dir='ltr'>vv.</span> <span class='ocrx_word' id='word_1_197' title='bbox 730 2695 899 2761; x_wconf 88' lang='grc'>788-807</span> <span class='ocrx_word' id='word_1_198' title='bbox 923 2701 994 2760; x_wconf 88' lang='grc'>33113</span> <span class='ocrx_word' id='word_1_199' title='bbox 1017 2697 1173 2778; x_wconf 90' lang='lat' dir='ltr'>quadrant,</span> <span class='ocrx_word' id='word_1_200' title='bbox 1198 2698 1223 2758; x_wconf 92' lang='lat' dir='ltr'>si</span> <span class='ocrx_word' id='word_1_201' title='bbox 1246 2698 1365 2777; x_wconf 86' lang='lat' dir='ltr'>quidem</span> 
     </span>
    </p>
   </div>
   <div class='ocr_carea' id='block_1_5' title="bbox 170 2798 1371 4506">
    <p class='ocr_par' dir='ltr' id='par_1_7' title="bbox 170 2798 1371 4506">
     <span class='ocr_line' id='line_1_24' title="bbox 221 2798 1366 2881; baseline -0.001 -21"><span class='ocrx_word' id='word_1_202' title='bbox 221 2819 279 2860; x_wconf 90' lang='grc'>333</span> <span class='ocrx_word' id='word_1_203' title='bbox 302 2798 497 2879; x_wconf 84' lang='lat' dir='ltr'>improbabilis</span> <span class='ocrx_word' id='word_1_204' title='bbox 520 2808 566 2861; x_wconf 88' lang='lat' dir='ltr'>est</span> <span class='ocrx_word' id='word_1_205' title='bbox 581 2801 685 2881; x_wconf 78' lang='lat' dir='ltr'>heynii</span> <span class='ocrx_word' id='word_1_206' title='bbox 708 2802 890 2870; x_wconf 88' lang='lat' dir='ltr'>coniectura,</span> <span class='ocrx_word' id='word_1_207' title='bbox 914 2799 993 2880; x_wconf 76' lang='lat' dir='ltr'>quotl</span> <span class='ocrx_word' id='word_1_208' title='bbox 1016 2804 1127 2880; x_wconf 76' lang='lat' dir='ltr'>‘super</span> <span class='ocrx_word' id='word_1_209' title='bbox 1151 2807 1180 2860; x_wconf 89' lang='lat' dir='ltr'>et</span> <span class='ocrx_word' id='word_1_210' title='bbox 1196 2802 1366 2861; x_wconf 82' lang='lat' dir='ltr'>Garaman-</span> 
     </span>
     <span class='ocr_line' id='line_1_25' title="bbox 220 2898 1368 2983; baseline -0.002 -21"><span class='ocrx_word' id='word_1_211' title='bbox 220 2913 266 2963; x_wconf 86' lang='lat' dir='ltr'>tos</span> <span class='ocrx_word' id='word_1_212' title='bbox 294 2910 323 2963; x_wconf 83' lang='lat' dir='ltr'>et</span> <span class='ocrx_word' id='word_1_213' title='bbox 347 2903 452 2963; x_wconf 81' lang='lat' dir='ltr'>Indos’</span> <span class='ocrx_word' id='word_1_214' title='bbox 476 2898 558 2983; x_wconf 82' lang='lat'><strong>(795)</strong></span> <span class='ocrx_word' id='word_1_215' title='bbox 582 2902 729 2983; x_wconf 91' lang='lat' dir='ltr'>prolatum</span> <span class='ocrx_word' id='word_1_216' title='bbox 752 2905 789 2963; x_wconf 90' lang='lat' dir='ltr'>iri</span> <span class='ocrx_word' id='word_1_217' title='bbox 812 2922 828 2963; x_wconf 89' lang='lat' dir='ltr'>a</span> <span class='ocrx_word' id='word_1_218' title='bbox 851 2903 976 2964; x_wconf 86' lang='lat' dir='ltr'>Caesare</span> <span class='ocrx_word' id='word_1_219' title='bbox 1004 2903 1163 2981; x_wconf 89' lang='lat' dir='ltr'>imperium</span> <span class='ocrx_word' id='word_1_220' title='bbox 1192 2901 1368 2962; x_wconf 84' lang='lat' dir='ltr'>vaticinatur</span> 
     </span>
     <span class='ocr_line' id='line_1_26' title="bbox 220 3000 1365 3083; baseline -0.004 -16"><span class='ocrx_word' id='word_1_221' title='bbox 220 3005 378 3073; x_wconf 79' lang='lat' dir='ltr'>Anchises,</span> <span class='ocrx_word' id='word_1_222' title='bbox 408 3006 587 3081; x_wconf 77' lang='lat' dir='ltr'>Aethiopum</span> <span class='ocrx_word' id='word_1_223' title='bbox 609 3005 683 3065; x_wconf 88' lang='lat' dir='ltr'>fines</span> <span class='ocrx_word' id='word_1_224' title='bbox 707 3016 740 3066; x_wconf 88' lang='lat' dir='ltr'>ut</span> <span class='ocrx_word' id='word_1_225' title='bbox 760 3002 812 3066; x_wconf 96' lang='lat' dir='ltr'>llll</span> <span class='ocrx_word' id='word_1_226' title='bbox 834 3000 899 3065; x_wconf 89' lang='grc'>480</span> <span class='ocrx_word' id='word_1_227' title='bbox 921 3023 984 3083; x_wconf 85' lang='lat' dir='ltr'>sqq.</span> <span class='ocrx_word' id='word_1_228' title='bbox 1009 3002 1226 3081; x_wconf 79' lang='lat' dir='ltr'>intellegendos</span> <span class='ocrx_word' id='word_1_229' title='bbox 1248 3021 1315 3062; x_wconf 89' lang='lat' dir='ltr'>esse</span> <span class='ocrx_word' id='word_1_230' title='bbox 1339 3011 1365 3062; x_wconf 86' lang='lat' dir='ltr'>et</span> 
     </span>
     <span class='ocr_line' id='line_1_27' title="bbox 221 3103 1368 3184; baseline -0.003 -17"><span class='ocrx_word' id='word_1_231' title='bbox 221 3105 333 3167; x_wconf 90' lang='lat' dir='ltr'>hellum</span> <span class='ocrx_word' id='word_1_232' title='bbox 357 3107 516 3184; x_wconf 82' lang='lat' dir='ltr'>significari</span> <span class='ocrx_word' id='word_1_233' title='bbox 547 3125 624 3167; x_wconf 84' lang='lat' dir='ltr'>anno</span> <span class='ocrx_word' id='word_1_234' title='bbox 648 3103 747 3168; x_wconf 88' lang='grc'>7323</span> <span class='ocrx_word' id='word_1_235' title='bbox 771 3105 802 3167; x_wconf 89' lang='lat' dir='ltr'>C.</span> <span class='ocrx_word' id='word_1_236' title='bbox 825 3107 966 3167; x_wconf 90' lang='lat' dir='ltr'>Petronio</span> <span class='ocrx_word' id='word_1_237' title='bbox 994 3105 1072 3166; x_wconf 87' lang='lat' dir='ltr'>hene</span> <span class='ocrx_word' id='word_1_238' title='bbox 1100 3113 1216 3182; x_wconf 81' lang='lat' dir='ltr'>gestum</span> <span class='ocrx_word' id='word_1_239' title='bbox 1240 3104 1368 3182; x_wconf 86' lang='lat' dir='ltr'>(Cassius</span> 
     </span>
     <span class='ocr_line' id='line_1_28' title="bbox 220 3206 1368 3287; baseline -0.003 -17"><span class='ocrx_word' id='word_1_240' title='bbox 220 3209 274 3270; x_wconf 87' lang='lat' dir='ltr'>llio</span> <span class='ocrx_word' id='word_1_241' title='bbox 294 3208 371 3270; x_wconf 94' lang='lat' dir='ltr'>Lllll</span> <span class='ocrx_word' id='word_1_242' title='bbox 394 3206 434 3284; x_wconf 80' lang='lat'>5).</span> <span class='ocrx_word' id='word_1_243' title='bbox 459 3210 508 3286; x_wconf 88' lang='lat' dir='ltr'>qni</span> <span class='ocrx_word' id='word_1_244' title='bbox 531 3227 609 3269; x_wconf 89' lang='lat' dir='ltr'>anno</span> <span class='ocrx_word' id='word_1_245' title='bbox 632 3206 829 3287; x_wconf 83' lang='lat' dir='ltr'>7341egat0s</span> <span class='ocrx_word' id='word_1_246' title='bbox 853 3225 957 3270; x_wconf 87' lang='lat' dir='ltr'>corum</span> <span class='ocrx_word' id='word_1_247' title='bbox 979 3208 1015 3268; x_wconf 90' lang='lat' dir='ltr'>ad</span> <span class='ocrx_word' id='word_1_248' title='bbox 1038 3209 1202 3285; x_wconf 85' lang='lat' dir='ltr'>Augustum</span> <span class='ocrx_word' id='word_1_249' title='bbox 1225 3208 1255 3267; x_wconf 93' lang='lat' dir='ltr'>in</span> <span class='ocrx_word' id='word_1_250' title='bbox 1278 3207 1368 3266; x_wconf 89' lang='lat' dir='ltr'>Sarno</span> 
     </span>
     <span class='ocr_line' id='line_1_29' title="bbox 220 3305 1368 3388; baseline -0.002 -18"><span class='ocrx_word' id='word_1_251' title='bbox 220 3310 318 3373; x_wconf 87' lang='lat' dir='ltr'>insula</span> <span class='ocrx_word' id='word_1_252' title='bbox 341 3309 498 3388; x_wconf 77' lang='lat' dir='ltr'>(legentem</span> <span class='ocrx_word' id='word_1_253' title='bbox 522 3310 629 3370; x_wconf 78' lang='lat' dir='ltr'>‹leduci</span> <span class='ocrx_word' id='word_1_254' title='bbox 653 3312 765 3372; x_wconf 87' lang='lat' dir='ltr'>curavit</span> <span class='ocrx_word' id='word_1_255' title='bbox 788 3309 834 3387; x_wconf 89' lang='lat' dir='ltr'>(cl.</span> <span class='ocrx_word' id='word_1_256' title='bbox 860 3309 967 3372; x_wconf 87' lang='lat' dir='ltr'>Straho</span> <span class='ocrx_word' id='word_1_257' title='bbox 989 3307 1065 3369; x_wconf 87' lang='lat' dir='ltr'>Xllll</span> <span class='ocrx_word' id='word_1_258' title='bbox 1089 3327 1117 3387; x_wconf 92' lang='lat' dir='ltr'>p.</span> <span class='ocrx_word' id='word_1_259' title='bbox 1141 3305 1204 3368; x_wconf 84' lang='grc'>820</span> <span class='ocrx_word' id='word_1_260' title='bbox 1227 3325 1270 3384; x_wconf 88' lang='lat' dir='ltr'>sq.</span> <span class='ocrx_word' id='word_1_261' title='bbox 1310 3307 1368 3369; x_wconf 80' lang='grc'>111-</span> 
     </span>
     <span class='ocr_line' id='line_1_30' title="bbox 223 3407 1368 3493; baseline -0.001 -21"><span class='ocrx_word' id='word_1_262' title='bbox 223 3415 290 3472; x_wconf 87' lang='grc'>3133</span> <span class='ocrx_word' id='word_1_263' title='bbox 320 3431 348 3473; x_wconf 91' lang='grc'>3.</span> <span class='ocrx_word' id='word_1_264' title='bbox 378 3407 541 3481; x_wconf 69' lang='grc'>137129,</span> <span class='ocrx_word' id='word_1_265' title='bbox 567 3409 625 3474; x_wconf 89' lang='lat'>181</span> <span class='ocrx_word' id='word_1_266' title='bbox 655 3431 784 3474; x_wconf 81' lang='lat' dir='ltr'>inanum.</span> <span class='ocrx_word' id='word_1_267' title='bbox 815 3415 921 3493; x_wconf 74' lang='lat' dir='ltr'>Ancyr.</span> <span class='ocrx_word' id='word_1_268' title='bbox 948 3411 970 3470; x_wconf 86' lang='lat' dir='ltr'>V</span> <span class='ocrx_word' id='word_1_269' title='bbox 995 3407 1033 3472; x_wconf 89' lang='lat'>18</span> <span class='ocrx_word' id='word_1_270' title='bbox 1055 3431 1118 3490; x_wconf 90' lang='lat' dir='ltr'>sqq.</span> <span class='ocrx_word' id='word_1_271' title='bbox 1150 3427 1218 3470; x_wconf 92' lang='lat' dir='ltr'>cum</span> <span class='ocrx_word' id='word_1_272' title='bbox 1244 3410 1368 3471; x_wconf 88' lang='lat' dir='ltr'>illumm-</span> 
     </span>
     <span class='ocr_line' id='line_1_31' title="bbox 201 3511 1368 3594; baseline -0.003 -19"><span class='ocrx_word' id='word_1_273' title='bbox 201 3514 520 3586; x_wconf 80' lang='grc'>33313313313313313</span> <span class='ocrx_word' id='word_1_274' title='bbox 543 3533 572 3593; x_wconf 89' lang='lat' dir='ltr'>p.</span> <span class='ocrx_word' id='word_1_275' title='bbox 597 3511 637 3574; x_wconf 89' lang='grc'>73</span> <span class='ocrx_word' id='word_1_276' title='bbox 660 3514 747 3594; x_wconf 82' lang='lat' dir='ltr'>sqq).</span> <span class='ocrx_word' id='word_1_277' title='bbox 779 3511 1293 3593; x_wconf 73' lang='grc'>1133113316333313313333333311</span> <span class='ocrx_word' id='word_1_278' title='bbox 1316 3511 1368 3572; x_wconf 82' lang='lat' dir='ltr'>tle·</span> 
     </span>
     <span class='ocr_line' id='line_1_32' title="bbox 223 3611 1366 3696; baseline -0.003 -20"><span class='ocrx_word' id='word_1_279' title='bbox 223 3635 304 3676; x_wconf 85' lang='lat' dir='ltr'>rnrrm</span> <span class='ocrx_word' id='word_1_280' title='bbox 328 3635 344 3676; x_wconf 89' lang='grc'>3</span> <span class='ocrx_word' id='word_1_281' title='bbox 367 3614 505 3676; x_wconf 88' lang='lat' dir='ltr'>Cornelio</span> <span class='ocrx_word' id='word_1_282' title='bbox 527 3615 619 3676; x_wconf 89' lang='lat' dir='ltr'>Balbo</span> <span class='ocrx_word' id='word_1_283' title='bbox 642 3635 770 3696; x_wconf 71' lang='lat' dir='ltr'>procos„</span> <span class='ocrx_word' id='word_1_284' title='bbox 795 3614 845 3693; x_wconf 88' lang='lat' dir='ltr'>qui</span> <span class='ocrx_word' id='word_1_285' title='bbox 868 3633 945 3677; x_wconf 91' lang='lat' dir='ltr'>anno</span> <span class='ocrx_word' id='word_1_286' title='bbox 969 3611 1031 3676; x_wconf 86' lang='lat'>734</span> <span class='ocrx_word' id='word_1_287' title='bbox 1053 3633 1078 3674; x_wconf 91' lang='lat' dir='ltr'>a.</span> <span class='ocrx_word' id='word_1_288' title='bbox 1096 3613 1124 3674; x_wconf 85' lang='lat' dir='ltr'>d.</span> <span class='ocrx_word' id='word_1_289' title='bbox 1142 3613 1178 3674; x_wconf 88' lang='lat' dir='ltr'>Vl</span> <span class='ocrx_word' id='word_1_290' title='bbox 1195 3612 1258 3674; x_wconf 91' lang='lat' dir='ltr'>llal.</span> <span class='ocrx_word' id='word_1_291' title='bbox 1274 3612 1366 3692; x_wconf 89' lang='lat' dir='ltr'>April.</span> 
     </span>
     <span class='ocr_line' id='line_1_33' title="bbox 221 3711 1369 3797; baseline -0.003 -18"><span class='ocrx_word' id='word_1_292' title='bbox 221 3717 494 3797; x_wconf 87' lang='lat' dir='ltr'>splendidissimum</span> <span class='ocrx_word' id='word_1_293' title='bbox 519 3737 553 3777; x_wconf 89' lang='lat' dir='ltr'>ex</span> <span class='ocrx_word' id='word_1_294' title='bbox 577 3719 676 3778; x_wconf 89' lang='lat' dir='ltr'>Alriea</span> <span class='ocrx_word' id='word_1_295' title='bbox 699 3717 882 3797; x_wconf 90' lang='lat' dir='ltr'>triumphum</span> <span class='ocrx_word' id='word_1_296' title='bbox 907 3718 967 3795; x_wconf 81' lang='lat' dir='ltr'>egit</span> <span class='ocrx_word' id='word_1_297' title='bbox 991 3715 1112 3794; x_wconf 77' lang='lat' dir='ltr'>(Plinius</span> <span class='ocrx_word' id='word_1_298' title='bbox 1135 3735 1162 3777; x_wconf 92' lang='lat' dir='ltr'>n.</span> <span class='ocrx_word' id='word_1_299' title='bbox 1188 3715 1216 3791; x_wconf 78' lang='lat' dir='ltr'>h.</span> <span class='ocrx_word' id='word_1_300' title='bbox 1234 3714 1257 3772; x_wconf 91' lang='lat' dir='ltr'>V</span> <span class='ocrx_word' id='word_1_301' title='bbox 1272 3711 1303 3782; x_wconf 88' lang='lat'>5,</span> <span class='ocrx_word' id='word_1_302' title='bbox 1326 3711 1369 3776; x_wconf 84' lang='grc'>36</span> 
     </span>
     <span class='ocr_line' id='line_1_34' title="bbox 221 3813 1368 3899; baseline -0.005 -17"><span class='ocrx_word' id='word_1_303' title='bbox 221 3828 277 3882; x_wconf 89' lang='lat' dir='ltr'>aet.</span> <span class='ocrx_word' id='word_1_304' title='bbox 300 3819 442 3898; x_wconf 90' lang='lat' dir='ltr'>triumph.</span> <span class='ocrx_word' id='word_1_305' title='bbox 460 3819 604 3899; x_wconf 81' lang='lat' dir='ltr'>Capitol).</span> <span class='ocrx_word' id='word_1_306' title='bbox 641 3821 678 3882; x_wconf 80' lang='lat' dir='ltr'>lit</span> <span class='ocrx_word' id='word_1_307' title='bbox 701 3837 804 3881; x_wconf 85' lang='lat' dir='ltr'>versus</span> <span class='ocrx_word' id='word_1_308' title='bbox 826 3821 919 3899; x_wconf 89' lang='lat' dir='ltr'>ipsius</span> <span class='ocrx_word' id='word_1_309' title='bbox 941 3819 1011 3878; x_wconf 87' lang='grc'>3331</span> <span class='ocrx_word' id='word_1_310' title='bbox 1033 3813 1094 3878; x_wconf 89' lang='grc'>732</span> <span class='ocrx_word' id='word_1_311' title='bbox 1117 3818 1205 3876; x_wconf 91' lang='lat' dir='ltr'>tinem</span> <span class='ocrx_word' id='word_1_312' title='bbox 1228 3818 1368 3895; x_wconf 91' lang='lat' dir='ltr'>quoniam</span> 
     </span>
     <span class='ocr_line' id='line_1_35' title="bbox 221 3901 1371 4000; baseline -0.004 -19"><span class='ocrx_word' id='word_1_313' title='bbox 221 3925 251 3981; x_wconf 92' lang='lat' dir='ltr'>in</span> <span class='ocrx_word' id='word_1_314' title='bbox 267 3921 397 3983; x_wconf 85' lang='lat' dir='ltr'>Siciliam</span> <span class='ocrx_word' id='word_1_315' title='bbox 420 3923 572 4000; x_wconf 85' lang='lat' dir='ltr'>proiectus</span> <span class='ocrx_word' id='word_1_316' title='bbox 596 3932 641 3983; x_wconf 87' lang='lat' dir='ltr'>est</span> <span class='ocrx_word' id='word_1_317' title='bbox 655 3924 814 3999; x_wconf 77' lang='lat' dir='ltr'>Augustae,</span> <span class='ocrx_word' id='word_1_318' title='bbox 840 3909 929 3991; x_wconf 79' lang='grc' dir='ltr'><em>ὅπως</em></span> <span class='ocrx_word' id='word_1_319' title='bbox 951 3911 1006 3979; x_wconf 81' lang='grc' dir='ltr'>καὶ</span> <span class='ocrx_word' id='word_1_320' title='bbox 1030 3913 1165 3997; x_wconf 75' lang='grc' dir='ltr'><strong><em>ἐκείνην</em></strong></span> <span class='ocrx_word' id='word_1_321' title='bbox 1187 3909 1242 3977; x_wconf 77' lang='grc' dir='ltr'>καὶ</span> <span class='ocrx_word' id='word_1_322' title='bbox 1264 3901 1371 3977; x_wconf 74' lang='grc' dir='ltr'><strong><em>τᾶλλα</em></strong></span> 
     </span>
     <span class='ocr_line' id='line_1_36' title="bbox 221 4011 1369 4104; baseline -0.003 -20"><span class='ocrx_word' id='word_1_323' title='bbox 221 4011 261 4084; x_wconf 77' lang='grc' dir='ltr'>τὰ</span> <span class='ocrx_word' id='word_1_324' title='bbox 282 4020 377 4104; x_wconf 81' lang='grc' dir='ltr'><em>μέχρι</em></span> <span class='ocrx_word' id='word_1_325' title='bbox 399 4021 457 4102; x_wconf 82' lang='grc' dir='ltr'>τῆς</span> <span class='ocrx_word' id='word_1_326' title='bbox 479 4022 609 4102; x_wconf 79' lang='grc' dir='ltr'><strong><em>Συρίας</em></strong></span> <span class='ocrx_word' id='word_1_327' title='bbox 637 4015 882 4102; x_wconf 81' lang='grc' dir='ltr'><strong><em>καταστήσηται</em></strong></span> <span class='ocrx_word' id='word_1_328' title='bbox 905 4021 1034 4102; x_wconf 88' lang='lat' dir='ltr'>(Cassius</span> <span class='ocrx_word' id='word_1_329' title='bbox 1056 4020 1109 4081; x_wconf 86' lang='lat' dir='ltr'>llio</span> <span class='ocrx_word' id='word_1_330' title='bbox 1133 4017 1208 4080; x_wconf 86' lang='lat' dir='ltr'>Lllll</span> <span class='ocrx_word' id='word_1_331' title='bbox 1230 4017 1277 4099; x_wconf 78' lang='lat'>6),</span> <span class='ocrx_word' id='word_1_332' title='bbox 1308 4027 1369 4080; x_wconf 91' lang='lat' dir='ltr'>tmn</span> 
     </span>
     <span class='ocr_line' id='line_1_37' title="bbox 222 4121 1369 4202; baseline -0.003 -16"><span class='ocrx_word' id='word_1_333' title='bbox 222 4127 349 4188; x_wconf 89' lang='lat' dir='ltr'>maxime</span> <span class='ocrx_word' id='word_1_334' title='bbox 372 4145 438 4186; x_wconf 90' lang='lat' dir='ltr'>cum</span> <span class='ocrx_word' id='word_1_335' title='bbox 461 4125 599 4194; x_wconf 84' lang='grc'>11333313,</span> <span class='ocrx_word' id='word_1_336' title='bbox 624 4127 673 4202; x_wconf 91' lang='lat' dir='ltr'>qui</span> <span class='ocrx_word' id='word_1_337' title='bbox 697 4124 800 4186; x_wconf 91' lang='lat' dir='ltr'>orheru</span> <span class='ocrx_word' id='word_1_338' title='bbox 823 4133 972 4187; x_wconf 87' lang='lat' dir='ltr'>terrarum</span> <span class='ocrx_word' id='word_1_339' title='bbox 995 4121 1101 4192; x_wconf 90' lang='lat' dir='ltr'>ohirit,</span> <span class='ocrx_word' id='word_1_340' title='bbox 1126 4123 1293 4200; x_wconf 80' lang='lat' dir='ltr'>equiperari</span> <span class='ocrx_word' id='word_1_341' title='bbox 1315 4141 1369 4202; x_wconf 90' lang='lat' dir='ltr'>po·</span> 
     </span>
     <span class='ocr_line' id='line_1_38' title="bbox 222 4223 1368 4306; baseline -0.002 -20"><span class='ocrx_word' id='word_1_342' title='bbox 222 4237 299 4288; x_wconf 89' lang='lat' dir='ltr'>terat</span> <span class='ocrx_word' id='word_1_343' title='bbox 322 4224 392 4304; x_wconf 79' lang='lat'>(801</span> <span class='ocrx_word' id='word_1_344' title='bbox 417 4227 503 4305; x_wconf 74' lang='lat' dir='ltr'>sqq).</span> <span class='ocrx_word' id='word_1_345' title='bbox 549 4228 735 4306; x_wconf 78' lang='lat' dir='ltr'>Quamquam</span> <span class='ocrx_word' id='word_1_346' title='bbox 757 4228 910 4287; x_wconf 86' lang='lat' dir='ltr'>severiore</span> <span class='ocrx_word' id='word_1_347' title='bbox 938 4227 988 4304; x_wconf 92' lang='lat' dir='ltr'>qui</span> <span class='ocrx_word' id='word_1_348' title='bbox 1012 4226 1055 4284; x_wconf 92' lang='lat' dir='ltr'>uti</span> <span class='ocrx_word' id='word_1_349' title='bbox 1077 4223 1166 4286; x_wconf 85' lang='grc'>313131</span> <span class='ocrx_word' id='word_1_350' title='bbox 1188 4225 1368 4300; x_wconf 87' lang='lat' dir='ltr'>interpreta-</span> 
     </span>
     <span class='ocr_line' id='line_1_39' title="bbox 222 4324 1369 4408; baseline -0.001 -21"><span class='ocrx_word' id='word_1_351' title='bbox 222 4330 312 4397; x_wconf 88' lang='lat' dir='ltr'>tione,</span> <span class='ocrx_word' id='word_1_352' title='bbox 337 4326 422 4388; x_wconf 89' lang='lat' dir='ltr'>lacile</span> <span class='ocrx_word' id='word_1_353' title='bbox 445 4327 612 4389; x_wconf 80' lang='lat' dir='ltr'>Conratlino</span> <span class='ocrx_word' id='word_1_354' title='bbox 636 4327 861 4408; x_wconf 86' lang='lat' dir='ltr'>adstipulahitnr</span> <span class='ocrx_word' id='word_1_355' title='bbox 890 4335 986 4388; x_wconf 89' lang='lat' dir='ltr'>totum</span> <span class='ocrx_word' id='word_1_356' title='bbox 1017 4324 1114 4386; x_wconf 82' lang='grc'>133313</span> <span class='ocrx_word' id='word_1_357' title='bbox 1143 4345 1221 4386; x_wconf 90' lang='grc'>3333</span> <span class='ocrx_word' id='word_1_358' title='bbox 1250 4325 1369 4386; x_wconf 89' lang='lat' dir='ltr'>‹lernnm</span> 
     </span>
     <span class='ocr_line' id='line_1_40' title="bbox 170 4425 1370 4506; baseline -0.005 -12"><span class='ocrx_word' id='word_1_359' title='bbox 170 4487 171 4494; x_wconf 71' lang='grc'>,</span> <span class='ocrx_word' id='word_1_360' title='bbox 223 4426 285 4490; x_wconf 87' lang='grc'>734</span> <span class='ocrx_word' id='word_1_361' title='bbox 307 4431 442 4490; x_wconf 90' lang='grc'>33313313</span> <span class='ocrx_word' id='word_1_362' title='bbox 465 4427 535 4489; x_wconf 89' lang='lat' dir='ltr'>olinr</span> <span class='ocrx_word' id='word_1_363' title='bbox 565 4427 641 4490; x_wconf 88' lang='lat' dir='ltr'>libro</span> <span class='ocrx_word' id='word_1_364' title='bbox 670 4429 786 4490; x_wconf 83' lang='lat' dir='ltr'>additos</span> <span class='ocrx_word' id='word_1_365' title='bbox 808 4431 900 4490; x_wconf 90' lang='lat' dir='ltr'>luisse</span> <span class='ocrx_word' id='word_1_366' title='bbox 930 4428 1089 4489; x_wconf 84' lang='grc'>3331313311</span> <span class='ocrx_word' id='word_1_367' title='bbox 1110 4445 1140 4506; x_wconf 92' lang='lat' dir='ltr'>p.</span> <span class='ocrx_word' id='word_1_368' title='bbox 1166 4425 1266 4486; x_wconf 79' lang='lat' dir='ltr'>xxvi.</span> <span class='ocrx_word' id='word_1_369' title='bbox 1297 4426 1370 4488; x_wconf 84' lang='lat' dir='ltr'>Nam</span> 
     </span>
    </p>
   </div>
   <div class='ocr_carea' id='block_1_6' title="bbox 0 0 1489 4904">
    <p class='ocr_par' dir='ltr' id='par_1_8' title="bbox 0 0 1489 4904">
     <span class='ocr_line' id='line_1_41' title="bbox 0 0 1489 4904; baseline 0 0"><span class='ocrx_word' id='word_1_370' title='bbox 0 0 1489 4904; x_wconf 95' lang='lat' dir='ltr'> </span> 
     </span>
    </p>
   </div>
  </div>
 </body>
</html>
