2956 4906
205 342 266 407 170
649 368 894 414 enonnoouervs.

203 533 282 594 tiano
304 529 402 595 11194
424 541 655 597 commentatum
678 535 781 616 esse*)
804 534 999 616 probabiliter
1021 535 1124 595 statuit
1138 532 1347 594 Lachmannus
1372 575 1379 584 .

203 633 290 695 Luer.
321 653 349 714 p.
376 632 451 705 146;
480 654 548 698 nam
576 636 785 701 Lucretianum
815 638 909 716 Longi
937 637 1184 697 commentarium
1214 635 1347 694 extitisse

202 737 260 797 iam
282 735 459 798 Ritscbelius
480 738 601 817 Parerg.
624 736 686 800 363
709 741 835 818 negavit.
884 740 1042 801 Praeterea
1070 735 1231 814 verlioquia
1261 753 1347 796 voca·

203 835 340 898 bulorum
370 841 507 916 ‘segnis'
537 849 566 901 et
594 840 798 902 ‘formonsus'
827 840 1001 919 elicuit**),
1034 847 1064 900 et
1090 837 1221 899 adhibito
1249 844 1347 918 etymo

203 939 385 1000 Graecorum
419 942 571 1002 nominum
602 943 799 1022 Selinus***)
829 950 858 1004 et
885 939 1107 1022 Plemyrium)
1136 941 1249 1002 lormas
1276 958 1347 1000 con·

203 1041 305 1110 stituit,
329 1059 398 1103 cum
413 1042 531 1121 Selinus
546 1042 612 1103 aliis
635 1043 782 1124 placuisse
806 1045 899 1106 nostri
920 1043 989 1105 libri
1013 1044 1118 1117 (MPR
1126 1045 1165 1119 V)
1189 1049 1346 1112 testentur,

203 1143 386 1221 Plemyrium
408 1151 563 1222 receptum
578 1147 608 1228 in
625 1147 698 1223 MR,
722 1154 752 1206 at
767 1148 951 1207 Plemurium
973 1148 1004 1206 in
1019 1146 1086 1206 PV.
1131 1145 1227 1223 Ipsius
1241 1152 1348 1224 poetae

203 1261 373 1305 sermonem
388 1245 541 1307 illustrans
556 1247 730 1308 adverbium
746 1249 813 1309 istie
822 1247 917 1309 Plauti
931 1246 1067 1326 exemplo
1079 1245 1283 1326 comprobavit
1290 1243 1347 1326 ††)

204 1353 233 1406 ct
260 1345 297 1406 de
320 1346 411 1420 serus
440 1347 577 1409 vocabuli
605 1351 632 1408 vi
660 1347 898 1430 quaesivitffi).
948 1349 1112 1409 Patientior
1140 1346 1348 1408 intolerando

203 1446 380 1509 soloecismo
409 1457 473 1510 erat
502 1449 580 1530 quod
608 1447 720 1513 x245
746 1455 882 1513 crastr'na
909 1443 966 1513 lux
994 1495 1002 1511 .
1027 1494 1034 1508 .
1061 1495 1067 1508 .
1097 1451 1244 1525 spectabis
1274 1450 1349 1509 anti·

204 1550 340 1629 quiorem
363 1556 397 1609 ut
418 1549 534 1612 videtur
550 1553 738 1632 scripturam,
763 1571 839 1633 quae
855 1554 973 1614 sanein
990 1553 1054 1612 MP
1065 1559 1094 1612 et
1110 1570 1126 1612 a
1142 1541 1231 1612 mabu
1247 1552 1349 1630 priore

203 1652 233 1710 in
261 1669 282 1729 γ
315 1667 434 1728 quoque
467 1659 547 1713 extat
580 1661 610 1713 ct
631 1653 736 1714 Donati
769 1655 805 1714 ad
828 1654 896 1715 Ter.
921 1653 985 1714 bec.
1009 1653 1050 1715 lll
1075 1650 1145 1722 ],6
1179 1653 1349 1713 testimonio

204 1753 321 1822 nititur,
356 1753 572 1814 commendavit
595 1753 745 1835 (Servius).
801 1755 907 1818 Melius
929 1755 1061 1815 defendit
1093 1761 1211 1836 poetam
1245 1761 1349 1814 contra

204 1853 366 1916 Cornutum
382 1853 503 1916 Homeri
526 1857 754 1935 auctoritate*),
779 1876 813 1919 ac
835 1859 962 1919 sortasse
984 1855 1065 1918 idem
1088 1856 1273 1918 adversarius
1295 1855 1351 1915 luit

269 2105 297 2176 ¹⁸)
315 2107 459 2160 Charisius
473 2112 521 2163 187
533 2111 563 2162 Ρ.
578 2114 694 2177 ‘primum
705 2113 866 2164 Lueretius:
884 2113 999 2179 primunr
1013 2111 1132 2162 animum
1144 2110 1217 2173 dico,
1230 2113 1350 2160 mentem

203 2209 285 2258 quem
304 2209 388 2260 saepe
406 2209 536 2247 vocemus
555 2195 609 2259 (111
630 2197 683 2259 94).
718 2199 766 2249 ubi
787 2198 883 2248 Velius
895 2198 1008 2262 Longus
1030 2197 1161 2262 primum,
1180 2196 1278 2260 inquit,
1302 2193 1350 2246 ad·

203 2279 364 2330 verbialiter
382 2279 549 2331 audiendum
568 2285 634 2332 est'.

224 2403 232 2414 ·
259 2379 300 2445 ”l
320 2381 413 2433 Schol.
426 2382 526 2435 Veron.
539 2383 607 2435 Aen.
624 2384 681 2435 1111
700 2386 748 2436 149
767 2400 794 2450 p.
807 2387 850 2446 99,
870 2385 902 2434 10
914 2383 948 2438 II.
966 2383 1051 2434 ‘haud
1069 2381 1118 2432 illo
1132 2381 1251 2446 segnior.
1276 2381 1350 2431 Lon·

204 2483 268 2532 guar
287 2468 392 2532 reperior
409 2465 558 2518 deformior
576 2467 783 2533 accipiendum,
810 2468 945 2533 siquidem
963 2470 1058 2533 segnis
1077 2466 1196 2517 estsine
1215 2467 1295 2530 igne,
1322 2465 1353 2515 id

204 2557 246 2602 est
265 2551 390 2616 frigidus.
431 2566 494 2602 nem
519 2555 547 2602 et
573 2554 728 2616 foronomum
750 2569 805 2604 non
823 2552 935 2604 aliunde
959 2553 1076 2602 dicimus
1100 2566 1181 2617 quam
1205 2567 1222 2600 a
1246 2549 1351 2601 calido:

204 2637 320 2686 lormum
339 2637 412 2687 enim
430 2636 561 2688 dicebant
585 2639 693 2704 antiqui
716 2637 850 2700 calidum,
877 2652 913 2687 un
933 2638 991 2688 —h
1008 2663 1075 2674 —-
1089 2661 1155 2673 --
1176 2651 1278 2701 repaem
1302 2651 1352 2700 pro

204 2720 322 2770 deformi
340 2747 372 2757 —
392 2720 461 2771 dicii
477 2721 640 2789 Vergilius’.
671 2722 714 2774 cf.
735 2722 848 2774 Servius
866 2722 902 2772 ad
919 2721 986 2773 Aen.
1006 2721 1071 2772 VIII
1089 2723 1148 2773 tus.

245 2819 304 2888 m)
324 2821 417 2875 Schol.
437 2825 537 2876 Veron.
556 2826 625 2876 Aen.
652 2825 695 2876 IlI
718 2813 775 2877 '105'
790 2841 817 2890 p.
836 2828 878 2889 93,
898 2826 911 2874 1
930 2826 964 2874 Κ.
984 2823 1109 2878 ‘Selinus
1128 2822 1254 2888 Longus:
1274 2823 1355 2886 quasi

204 2907 300 2973 Opuns
318 2909 462 2971 Amathus,
481 2908 552 2959 unde
572 2908 723 2960 Selinuntii
742 2909 823 2974 quasi
842 2909 957 2975 Opuntii
976 2913 1005 2959 et
1022 2906 1197 2960 Amathuntii
1214 2907 1352 2957 dicuntur.

204 2992 345 3057 Selynes.
366 3029 373 3042 .
391 3031 397 3045 .
418 2993 626 3060 Olympionicas
643 2993 744 3045 multos
763 2994 849 3044 luisse
868 2993 994 3044 adfirmet
1015 2993 1151 3043 Milestos'
1170 2989 1353 3055 (Melissusi).

204 3076 247 3127 Ol.
266 3077 392 3130 Servius:
411 3079 528 3130 ‘eivItos
546 3079 623 3129 iuxta
636 3078 812 3144 Lilybaeum,
832 3078 975 3131 abundans
989 3078 1090 3144 palmis
1102 3082 1131 3128 et
1142 3077 1215 3142 apio.
1240 3071 1354 3127 0111101

199 3162 281 3212 'onim
301 3164 393 3229 apium
412 3163 536 3218 dicitur’.

272 3262 301 3328 †)
321 3264 413 3316 Scbol.
432 3265 533 3316 Veron.
553 3266 621 3316 Aen.
644 3266 686 3317 Ill
709 3267 759 3318 699
782 3282 807 3331 p.
832 3268 878 3330 91,
902 3268 934 3317 15
957 3267 991 3316 K.
1015 3263 1194 3328 ‘Plemyrium
1212 3263 1354 3316 undosum.

205 3349 294 3413 Long.
320 3352 468 3414 ptenaarr'em
498 3351 563 3408 fnit.
596 3350 769 3401 emendatum
797 3353 949 3416 Plemyrium
981 3349 1194 3414 promontorium
1223 3347 1354 3399 Siciliae:

205 3433 308 3482 dictum
328 3440 420 3485 autem
439 3426 496 3485 α’πό
515 3435 677 3499 πλημυρίας
695 3435 759 3485 ideo
772 3440 824 3498 est,
843 3432 914 3501 quod
933 3434 1051 3497 undique
1070 3433 1200 3483 fluetibus
1219 3433 1355 3497 undisque

207 3517 362 3568 adluatur’.
400 3519 514 3569 Servius
532 3519 549 3568 l.
569 3519 587 3569 l.
607 3519 728 3584 ‘quidem
746 3519 879 3583 insulam,
903 3518 1018 3585 quidam
1032 3518 1144 3569 fluvium
1166 3521 1267 3582 putant
1289 3517 1354 3567 dici.

90 3649 95 3656 .
203 3617 271 3652 eane
291 3603 402 3653 verbum
420 3602 453 3653 de
471 3604 556 3653 verbo
575 3605 718 3668 expressit.
744 3604 796 3657 boc
815 3609 858 3655 est
876 3605 949 3655 enim
967 3606 1088 3654 undosum
1106 3600 1352 3668 quodptemprium:

204 3686 371 3753 πλημμυρία
389 3688 462 3737 enim
481 3687 624 3739 inundatio
644 3689 760 3740 Graecis
779 3689 896 3739 dicItur‘.

255 3787 304 3853 ††)
324 3788 416 3840 Sobel.
430 3791 529 3844 Veron.
544 3791 612 3840 Aen.
630 3790 656 3840 x
674 3793 737 3845 557:
755 3792 836 3844 ‘Lon
855 3793 913 3843 istic
929 3806 979 3857 pro
997 3790 1051 3851 hic,
1069 3743 1101 3840 dt
1117 3789 1235 3841 Plautus
1252 3791 1282 3840 in
1299 3791 1355 3841 Ru-

205 3873 286 3924 dente
306 3870 524 3941 (12,43sqq.)’
543 3875 579 3928 cl.
598 3875 719 3928 Servius.

239 3975 309 4042 †††)
329 3975 420 4027 Sobel.
440 3978 543 4034 Veron,
559 3979 626 4029 Aen.
646 3980 698 4029 VII
714 3979 765 4030 489
784 3993 810 4042 p.
829 3981 871 4042 98,
889 3982 906 4030 9
924 3979 968 4037 K..
986 3977 1059 4028 unde
1077 3978 1197 4028 fortasse
1215 3978 1355 4028 fluxerunt

205 4061 296 4111 Servii
316 4061 350 4111 ad
370 4061 485 4112 eundem
512 4063 530 4113 l.
559 4067 588 4112 et
616 4063 652 4114 ad
677 4064 757 4116 1150
784 4063 948 4115 00111211
977 4063 1069 4114 vsls
1099 4063 1139 4112 XI
1158 4065 1207 4112 071
1226 4067 1255 4113 et
1271 4062 1356 4112 Nonii

204 4162 230 4210 p.
249 4147 309 4210 307,
328 4149 361 4197 15
379 4147 590 4213 explicationes.

274 4250 300 4314 *)
318 4249 411 4301 Schol.
429 4250 530 4302 Veron.
552 4250 619 4301 Aen.
639 4251 663 4299 V
681 4253 731 4303 488
750 4267 776 4315 p.
795 4245 841 4308 96.
867 4253 906 4300 10.
943 4251 1048 4314 ‘Long.
1073 4250 1190 4299 adnotat
1207 4249 1357 4313 Cornutus,

205 4335 278 4400 quod
296 4334 458 4386 indecenter
477 4350 585 4385 sacrem
604 4337 686 4386 matri
704 4349 771 4401 suae
790 4350 869 4386 avem
888 4336 1002 4401 sagittis
1015 4333 1153 4399 figendam
1167 4334 1355 4386 constituerit.

206 4419 254 4470 sed
273 4420 406 4474 videlicet
423 4421 571 4474 Homerum
591 4427 704 4471 secutus
722 4424 780 4470 est’
800 4435 823 4474 e,
844 4436 870 4485 q.
889 4435 911 4475 s.
