2962 4904
251 341 294 406 46
701 362 946 408 rnonnooenrue.

135 517 139 526 ¹
252 532 362 592 criticis
384 549 412 610 p.
428 526 479 590 110
500 547 563 610 sqq.
595 529 683 591 verba
711 529 893 610 ‘pelagoque
915 577 1048 593 ......
1073 538 1148 594 vox’
1181 534 1238 614 (rr.
1262 529 1398 611 41-44)

252 633 443 694 damnaverit.

335 733 429 806 Quem
451 733 531 794 idem
553 732 641 795 laudo
663 733 742 815 quod
766 739 858 795 totum
881 733 990 806 locnrn,
1019 754 1077 816 qno
1099 738 1253 800 Maecenas
1280 739 1399 800 invoca·

252 843 299 896 tur
322 833 358 912 (r.
375 831 522 914 39-46),
546 835 619 896 vidit
640 835 669 911 (l.
692 834 712 896 l.
737 853 766 915 p.
790 832 879 915 llsq.)
902 833 995 896 multo
1017 839 1115 917 aptius
1136 840 1235 900 statim
1252 839 1317 918 ipso
1332 836 1401 898 libri

251 938 400 1017 principio
423 945 491 1016 post
514 955 539 998 v.
563 933 583 998 8
605 935 714 997 Bacchi
737 935 927 1016 appellationi
951 936 1081 1016 edimrgi.
1127 941 1164 1000 ut
1186 945 1327 1018 quattuor
1349 940 1400 1016 qui

251 1038 431 1100 antecedunt
454 1038 590 1100 versibus
612 1033 738 1099 35-38
762 1036 832 1115 quid
855 1039 1016 1100 iaciemus?
1061 1038 1228 1102 Cohaerere
1252 1041 1332 1100 enirn
1355 1057 1399 1098 rr.

250 1135 379 1201 22-34
408 1159 475 1201 curn
498 1137 625 1202 47-82
649 1147 679 1200 et
699 1139 791 1202 rebus
820 1148 849 1200 et
878 1139 977 1202 verbis
1005 1149 1137 1221 apparet.
1191 1141 1284 1204 Docet
1312 1149 1398 1220 poeta

250 1249 372 1322 praeter
395 1250 517 1303 naturae
539 1241 644 1303 modos
673 1241 807 1304 diversos
835 1260 921 1303 usum
950 1260 1068 1321 qnoque
1098 1243 1193 1304 varias
1221 1241 1401 1322 procreandi

252 1350 280 1403 et
303 1343 473 1423 corrigendi
496 1342 620 1405 arbores
641 1344 703 1404 vias
732 1352 869 1422 artesque
896 1345 1061 1422 reperisse,
1092 1346 1171 1405 inter
1200 1363 1272 1424 quas
1299 1346 1402 1404 insitio

251 1447 378 1506 maxime
401 1453 599 1506 memoratur:
624 1444 707 1505 malis
730 1447 808 1505 enirn
831 1446 928 1505 insitis
950 1446 1059 1524 pirum,
1089 1447 1195 1525 prunis
1217 1463 1308 1506 corna
1331 1465 1396 1507 rnu-

250 1548 307 1608 tari
322 1547 367 1633 lv.
391 1545 433 1608 33
456 1551 520 1626 sp),
545 1547 634 1607 etiam
655 1545 806 1608 silvestres
828 1544 965 1616 arbores
996 1563 1072 1624 quae
1094 1554 1200 1626 sponte
1222 1557 1396 1617 nascuntur,

208 1635 213 1642 ’
250 1647 411 1709 inserendo
434 1648 548 1708 leraces
570 1648 635 1708 lieri
659 1647 694 1728 (v.
718 1645 760 1710 47
784 1645 876 1727 sqql,
907 1647 1035 1728 denique
1066 1647 1207 1710 arbatum
1228 1665 1346 1728 quoque
1370 1658 1400 1708 et

250 1749 385 1829 platanos
418 1757 448 1810 et
481 1757 633 1811 castaneas
668 1758 697 1810 et
730 1767 836 1810 ornum
872 1757 902 1836 et
934 1750 1030 1810 ulmos
1057 1748 1121 1811 aliis
1148 1750 1241 1811 inseri
1264 1749 1402 1829 frugibus

252 1853 287 1930 (r.
311 1847 465 1928 ott-72),
490 1850 570 1912 unde
591 1853 650 1931 ipsi
672 1849 825 1912 inserendi
847 1857 877 1911 et
899 1849 1002 1912 oculos
1024 1851 1188 1931 inponendi
1210 1850 1291 1912 modi
1313 1869 1400 1930 prae·

252 1954 403 2033 cipiantur
426 1969 469 2012 vr.
494 1949 629 2014 73-82.
683 1954 779 2033 Atque
812 1954 886 2015 haec
919 1961 952 2013 ut
984 1972 1018 2014 re
1045 1954 1205 2014 coniuncta
1231 1956 1272 2014 ita
1298 1952 1402 2014 verbis

252 2073 370 2134 quoque
398 2061 466 2134 apta
493 2056 620 2115 invicem
648 2063 730 2115 sunt:
766 2057 931 2135 respiciunt
964 2057 1043 2115 enim
1073 2053 1148 2117 haec
1176 2059 1296 2116 ‘tamen
1324 2057 1402 2116 baec

252 2173 369 2233 quoque
394 2157 487 2235 siquis
512 2157 644 2216 inserat’
674 2177 699 2216 e.
724 2175 751 2236 q.
776 2176 798 2217 s.
831 2159 865 2236 (v.
889 2153 941 2235 49)
970 2156 1006 2217 ad
1036 2158 1134 2236 pirum
1162 2165 1191 2217 et
1218 2173 1325 2226 corna,
1363 2156 1401 2216 de

252 2258 359 2338 qulbus
387 2275 430 2318 vr.
459 2255 586 2319 32-34
612 2277 711 2319 sermo
738 2261 843 2319 luerat.
899 2258 959 2320 lam
988 2277 1043 2319 cur
1071 2258 1190 2319 tetidem
1220 2261 1299 2319 inter
1326 2257 1401 2320 lieec
1437 2237 1444 2252 ’

251 2362 451 2439 potissimum,
475 2378 512 2420 ne
528 2360 565 2419 de
582 2359 759 2420 Maecenatis
772 2362 958 2430 invocatione
975 2360 1069 2420 dicam
1086 2379 1208 2440 prorsus
1223 2361 1271 2420 hic
1285 2361 1396 2440 inepta,

253 2461 401 2540 agricolae
424 2461 551 2522 ‘lsmara
568 2461 685 2522 Baccho
708 2464 884 2522 conserere'
908 2470 938 2522 et
960 2460 1046 2522 ‘olea
1062 2479 1201 2541 magnum
1218 2462 1325 2522 vestire
1341 2461 1398 2521 Ta·

252 2561 401 2624 burnnm'
425 2563 564 2624 iubentur
587 2563 640 2642 (vv.
664 2561 815 2638 35-38),
846 2581 913 2624 curn
943 2571 1040 2624 tamen
1070 2581 1125 2624 nec
1154 2565 1215 2623 vini
1237 2581 1294 2624 nec
1316 2561 1401 2623 oleae

253 2667 395 2727 memoria
418 2667 449 2724 in
472 2664 528 2725 hoc
551 2665 669 2745 quidem
693 2667 790 2744 capite
812 2667 880 2726 fiat?
929 2665 1002 2726 Nam
1032 2683 1107 2744 quae
1135 2663 1193 2726 illis
1219 2664 1400 2726 antecedunt

251 2776 411 2848 praecepta
433 2769 588 2846 ‘proprios
610 2769 774 2845 generatim
797 2766 900 2828 discite
923 2766 1039 2828 cultus'
1064 2769 1099 2846 (r.
1122 2763 1183 2846 35),
1210 2767 1401 2845 ‘fructusque

251 2871 331 2931 leros
354 2866 467 2929 attollite
489 2868 623 2940 colendo,
649 2887 707 2931 neu
730 2887 838 2947 segnes
860 2872 975 2930 iaceant
997 2873 1106 2930 terrae'
1131 2869 1167 2948 (v.
1183 2865 1225 2929 36
1240 2868 1296 2948 sq.)
1313 2885 1399 2947 spec·

136 3007 139 3012 -
252 2980 314 3032 tant
335 2990 406 3032 sane
428 2969 524 3050 aliqua
547 2991 581 3032 ex
605 2981 690 3051 parte
712 2971 748 3032 ad
772 2971 927 3031 mutandas
950 2979 979 3032 et
1002 2969 1203 3031 emendandas
1225 2969 1328 3055 lruges
1350 2987 1397 3030 ar·

252 3073 419 3154 heresque,
449 3072 501 3134 sed
524 3075 693 3134 immiscent
715 3071 770 3133 alia
794 3091 883 3146 nova,
913 3091 999 3134 suum
1023 3073 1131 3151 cuique
1159 3073 1263 3150 generi
1285 3069 1398 3132 cultum

254 3195 309 3235 nec
333 3193 455 3254 segnem
478 3174 706 3252 relinquendum
731 3193 796 3236 esse
820 3175 864 3235 rel
887 3177 1085 3254 asperrimum
1108 3191 1222 3252 agrum,
1246 3190 1323 3253 quae
1345 3191 1401 3232 cur

252 3277 397 3356 particula
421 3295 517 3354 quare
539 3276 787 3337 commendentur
809 3295 868 3337 non
898 3275 1048 3355 intellego.
1097 3275 1162 3336 Non
1190 3292 1282 3335 unum
1309 3272 1399 3335 ulmis

252 3380 338 3440 olivis
360 3381 457 3459 pomis
479 3377 595 3448 vitibus,
620 3385 653 3438 ut
675 3367 787 3439 mittam
811 3385 919 3450 cetera,
943 3395 1038 3456 genus
1061 3395 1126 3438 esse
1148 3375 1267 3437 demum
1290 3375 1399 3436 iudea

253 3499 277 3540 r.
303 3478 345 3542 83
370 3481 555 3560 l‘praeterea
582 3497 677 3558 genus
704 3480 776 3541 haut
798 3480 921 3560 unum’l
952 3496 1047 3556 usque
1075 3479 1112 3540 ad
1137 3475 1197 3539 108
1228 3479 1397 3557 exponitur.

256 3583 326 3644 Post
349 3581 422 3642 haec
445 3599 516 3660 ergo
538 3590 619 3642 recte
642 3581 823 3658 sequebatur
846 3582 1029 3642 adhortatio:
1054 3583 1164 3660 ‘quare
1187 3581 1264 3659 agite
1287 3598 1305 3640 o
1326 3598 1399 3659 pro·

251 3687 334 3764 prios
355 3687 524 3760 pepererim
547 3682 652 3744 discite
675 3683 781 3755 cultus,
806 3683 962 3762 agricolae,
986 3685 1161 3762 fructusque
1183 3683 1264 3744 leros
1283 3680 1399 3742 mollite

252 3785 396 3847 colendo’
428 3788 463 3864 (v.
486 3783 529 3847 35
550 3787 619 3866 sp),
649 3805 774 3865 quorum
803 3788 952 3864 posterius
980 3786 1039 3846 iarn
1074 3785 1184 3864 optime
1211 3784 1334 3862 respicit
1362 3782 1398 3844 erl

252 3891 401 3967 integrum
436 3897 525 3968 caput
557 3887 636 3967 qumi
672 3907 715 3947 vv.
738 3884 876 3949 ‹22-34
908 3896 938 3948 et
968 3883 1096 3948 ‹tt-82
1123 3885 1397 3964 comprehenditur.

252 3991 333 4062 Quee
372 4009 442 4052 vero
482 3990 632 4052 adduntur
676 3994 752 4052 ‘neu
783 4009 889 4066 separes
928 3993 1050 4050 iaceant
1087 3991 1208 4049 terrae'
1242 4007 1267 4047 e.
1309 4003 1337 4064 q.
1372 4005 1397 4046 s.

151 4105 156 4114 '
253 4093 373 4171 egregie
397 4091 592 4154 transducunt
613 4093 732 4154 lectoris
754 4095 886 4153 animuin
909 4092 946 4154 ad
970 4093 1043 4153 baec
1065 4111 1142 4173 qnae
1163 4091 1262 4150 statim
1286 4107 1311 4148 r.
1337 4086 1399 4150 109

253 4202 428 4256 monentur:
461 4200 532 4255 ‘nee
553 4213 623 4256 uero
645 4203 747 4256 terroe
769 4195 860 4267 serre
887 4213 987 4256 omnes
1009 4199 1110 4257 omnio
1127 4198 1289 4272 possunt',
1319 4197 1398 4257 trude

252 4299 392 4356 continuo
427 4294 548 4357 llnmlne
582 4297 747 4357 decurrunt
780 4297 887 4376 qrribns
915 4297 1041 4359 ‘divisas
1073 4298 1232 4360 arboribus
1265 4299 1396 4378 patrias’

254 4399 289 4478 (r.
307 4397 377 4478 116)
402 4417 466 4458 esse
483 4398 704 4482 demonstratur
727 4417 820 4476 usqrre
843 4400 879 4459 ad
903 4417 928 4460 v.
949 4398 1018 4461 135.
1052 4401 1124 4461 lnde
1139 4399 1240 4462 ltaliae
1256 4409 1398 4462 secuntur
