2970 4896
535 307 779 382 anomoeorum.
1037 381 1042 386 ,
1167 319 1228 384 357

85 507 241 580 exhibent,
275 507 353 586 quod
381 507 411 566 in
442 514 521 566 tanta
552 505 751 585 prosequendi
779 505 909 584 perfidos
939 508 1129 568 festinatione
1158 527 1229 568 con·

84 611 218 669 iunctum
231 627 298 668 cum
312 608 358 668 his
371 606 522 686 ‘inpellite
534 611 649 668 remos‘
663 626 721 668 non
734 607 925 669 mediocriter
937 608 1059 669 arridet.
1141 610 1229 670 Prac-

83 718 140 771 stat
162 710 240 770 idem
271 729 337 770 cum
366 709 429 770 aliis
453 709 746 788 (Rottendorphianis
769 708 885 770 duobus
909 717 938 770 et
959 711 1006 788 bi)
1037 712 1109 771 Aera.
1133 712 1144 772 l
1168 709 1230 772 725

83 811 207 892 probam
219 813 397 890 scripturam
413 815 456 879 ii,
472 813 644 872 coniectura
656 812 686 870 in
700 811 821 887 MRy2c
837 818 979 872 mutatam
995 814 1025 872 in
1038 817 1082 885 fit.
1149 813 1229 873 Bene

83 913 232 993 adoptavit
254 912 378 973 lledioei
407 921 436 971 et
458 895 663 973 bernensis'b
695 921 898 972 surrecturam
929 915 1000 974 Aen.
1024 914 1050 974 X
1072 911 1134 976 307
1164 933 1228 990 pe·

83 1017 176 1088 dem,
203 1015 282 1091 quod
306 1016 438 1093 poeticae
461 1013 583 1074 dictioni
606 1015 703 1091 aptius
726 1031 813 1091 quam
838 1016 946 1090 pedes,
970 1024 1003 1075 ut
1025 1017 1054 1074 in
1079 1015 1229 1093 plerisque

84 1117 285 1194 (MlPBydlc)
310 1115 431 1194 legitur:
457 1118 485 1176 iu
510 1115 670 1192 archetypo
693 1115 791 1174 irrorat
814 1101 1032 1177 raubstuvt.
1121 1117 1229 1178 Xdlini-

84 1220 151 1278 talis
175 1221 252 1278 inter
268 1219 473 1296 Menagianum
491 1220 621 1295 priorem
646 1224 675 1276 et
689 1218 865 1277 Palatinum
881 1217 1063 1279 luculentum
1086 1219 1228 1280 indicium

83 1318 138 1378 boc
171 1320 282 1379 notari:
322 1323 392 1379 den.
418 1317 466 1378 Vll
491 1315 551 1380 732
584 1321 715 1378 laeuas
747 1319 1023 1398 suerranum,
1060 1322 1115 1380 nisi
1150 1321 1228 1400 quod

81 1429 164 1482 cetra
188 1423 270 1499 Myb.
327 1420 614 1482 LAEVASCEPTRA
639 1422 682 1480 Pi
712 1421 818 1480 laeuas
841 1428 964 1496 sceptra
986 1421 1100 1498 Menag‚
1130 1440 1176 1500 pr.
1201 1431 1230 1482 et

83 1523 232 1601 Sprotian.
278 1521 315 1581 Et
336 1522 391 1582 soli
414 1531 608 1582 suvevorum
629 1524 701 1581 Aen.
727 1520 777 1580 Xll
801 1517 864 1582 893
887 1521 965 1600 quod
990 1540 1091 1581 verum
1116 1529 1161 1582 est
1183 1541 1227 1600 oe,

82 1626 111 1683 in
133 1623 253 1702 MRybc
274 1641 331 1699 quc
353 1623 496 1702 particula
520 1631 672 1683 mutatum.
723 1622 784 1682 Neo
814 1621 895 1699 quod
917 1641 1006 1683 mauu
1029 1625 1130 1702 priore
1152 1626 1182 1684 in
1207 1627 1234 1685 P

83 1732 163 1784 estat
184 1728 393 1786 addensent
416 1728 486 1784 ieri.
512 1724 535 1784 X
558 1721 631 1792 432,
656 1724 802 1783 firmatum
825 1722 898 1784 illud
916 1724 1058 1785 Prisciani
1083 1733 1112 1786 et
1134 1726 1229 1786 Servii

82 1827 270 1894 testimoniis,
294 1826 459 1887 oblitterari
481 1843 588 1904 passus
611 1834 657 1884 est
679 1826 773 1885 iorma
797 1823 910 1902 vulgari
933 1827 1114 1901 addensent,
1140 1844 1228 1903 quam

84 1929 248 2006 MPanyoc
271 1927 420 1988 exhibent.
467 1926 649 2003 videturque
673 1927 760 1987 etiam
784 1925 932 1987 diortbota
955 1925 1077 1986 Palatini
1099 1927 1171 1988 Aera.
1189 1928 1228 1988 Xl

82 2025 153 2098 255,
178 2029 229 2091 ubi
253 2047 307 2108 pro
329 2031 459 2106 genuino
482 2031 728 2097 violavimus,
759 2034 792 2086 ut
814 2027 925 2089 babent
947 2029 1053 2106 Mybc,
1084 2031 1114 2088 in
1138 2031 1166 2089 P
1185 2031 1228 2089 sio

83 2206 175 2258 extat:
212 2131 437 2260 vidiminus
472 2198 549 2257 idem
583 2195 727 2257 inlaturus
760 2197 854 2256 luisse
877 2196 1023 2274 glossema
1047 2202 1228 2259 vastavimus

83 2299 160 2377 quod
186 2308 231 2361 est
253 2303 282 2361 in
300 2301 412 2378 blenag.
430 2320 486 2378 pr.,
511 2299 589 2359 aliud
608 2301 823 2375 poptdaoimus
838 2307 993 2377 receptum
1009 2300 1039 2358 iu
1053 2298 1089 2357 B.
1169 2301 1227 2360 ao-

81 2420 202 2462 monum
225 2404 341 2479 attingit
369 2403 440 2461 deri.
465 2400 525 2460 Vlll
552 2396 620 2468 1232,
651 2399 702 2459 ubi
725 2401 867 2468 didita,
897 2400 976 2479 qnod
1000 2399 1111 2460 babent
1133 2402 1225 2474 MPc,

82 2505 261 2564 correctoris
284 2503 328 2562 vel
351 2501 464 2562 librarii
487 2509 610 2588 stupore
634 2503 663 2561 iu
680 2501 747 2579 upa
770 2509 914 2561 mutatum
937 2503 967 2561 in
991 2503 1095 2562 dedita
1111 2504 1228 2562 transiit

82 2623 154 2665 nova
178 2604 346 2682 corruptela
371 2606 400 2663 in
429 2604 536 2663 debita.
593 2603 673 2662 ldem
702 2601 881 2663 accidtcvti
903 2599 982 2670 506,
998 2657 1002 2670 ,
1018 2603 1068 2663 ubi
1098 2605 1228 2665 obusto

84 2706 248 2783 FMVybc,
277 2705 421 2766 luvsrv
443 2704 486 2781 li,
513 2707 622 2766 adrasto
652 2704 765 2780 Menag.
798 2724 842 2783 pr.
870 2722 937 2765 oum
960 2704 1100 2764 liotteud.
1131 2707 1226 2769 tertio.

81 2806 229 2876 leidensi,
254 2805 328 2866 aliis.
418 2807 542 2868 Versum
566 2809 637 2865 ben.
663 2804 686 2864 X
710 2801 781 2874 872,
805 2824 862 2884 quo
885 2805 972 2866 liberi
995 2814 1065 2866 sunt
1088 2806 1224 2884 MPRyb,

82 2927 118 2967 eo
141 2907 244 2967 saltem
276 2907 353 2984 quod
383 2916 451 2986 post
472 2903 534 2968 875
562 2905 681 2966 demum
709 2905 833 2985 praebet
860 2909 995 2984 spurium
1025 2925 1089 2966 esse
1117 2907 1229 2968 indicat

81 3010 273 3086 Menapianus
296 3011 385 3086 perior.
410 3009 462 3068 sed
485 3006 717 3086 interpolatione
733 3026 821 3086 quiam
839 3010 918 3068 novit
934 3009 1056 3069 Servius
1072 3007 1226 3087 suppletus

82 3119 126 3170 est
142 3113 212 3184 Xera.
237 3109 298 3169 Vlll
321 3107 371 3168 41.
460 3109 659 3169 Grammatico
682 3108 808 3169 debetur
823 3109 895 3169 len.
913 3107 962 3169 Vll
978 3107 1038 3170 631
1063 3128 1118 3188 pro
1142 3113 1227 3170 Cra·
1302 3177 1303 3180 Ἴ

80 3209 255 3290 stumeri]
281 3211 517 3284 Crantumenum
542 3213 561 3270 i.
587 3229 612 3269 e.
635 3211 888 3271 Crustumerium:
911 3212 948 3270 ol.
963 3210 1093 3270 Servius.
1125 3210 1228 3270 lntulit

81 3319 296 3372 commentator
319 3315 389 3371 Aen,
415 3311 464 3371 Vll
487 3309 546 3372 341
571 3314 724 3384 medullis,
756 3330 814 3388 quo
838 3311 994 3390 expulsum
1020 3311 1097 3388 quod
1122 3331 1225 3372 neces·

77 3414 190 3474 'sarium
215 3422 259 3472 cst
281 3415 432 3474 uenenis
456 3413 496 3488 (ut
519 3421 564 3472 est
585 3415 617 3472 in
634 3414 812 3491 MRVybc);
836 3409 898 3473 347
914 3416 1004 3472 mittit
1026 3432 1080 3491 pro
1103 3415 1228 3474 subdit

81 3515 271 3592 (Marruca
296 3511 360 3576 390
380 3517 490 3574 suadet
513 3513 662 3592 (etenim
686 3513 835 3592 Miiybc);
866 3509 930 3575 400
952 3515 1127 3591 ubicumque
1151 3517 1229 3594 (ubi

81 3633 251 3691 quaeque
275 3615 411 3693 Mliybc:
434 3617 470 3674 ci.
497 3615 610 3690 Prisc).
697 3617 872 3676 Coniectura
897 3621 979 3674 vetus
995 3634 1011 3676 a
1027 3616 1129 3676 Servio
1146 3635 1225 3676 com·

82 3725 243 3778 memorata
267 3723 313 3776 cst
336 3716 389 3777 ecl.
416 3717 463 3776 Vll
490 3713 528 3776 19
556 3718 703 3784 uolebam,
739 3716 790 3777 ubi
824 3718 930 3786 ceteri,
966 3719 1116 3795 MPVybc
1149 3718 1225 3786 dieo,

80 3818 256 3878 volebant
284 3825 485 3878 servaverunt.
530 3817 592 3877 atta
615 3819 748 3896 corrupti
770 3826 867 3878 textus
889 3819 1051 3896 specimina
1074 3819 1225 3879 adnotatio

82 3927 180 3978 nostra
199 3919 300 3979 critica
315 3918 526 3998 suppeditabit.
607 3917 700 3978 Etiam
717 3923 793 3978 alter
811 3921 1012 3994 Menapianus
1027 3919 1149 3980 Palatini
1165 3941 1227 3982 ma·

81 4039 149 4080 num
175 4023 305 4098 priorem
329 4023 463 4100 sequitur
484 4023 556 4081 rien.
582 4019 619 4079 Xl
642 4017 704 4081 698
726 4038 778 4080 ονε
800 4023 884 4095 (ora
907 4021 1093 4100 MPiRybc).
1146 4021 1225 4082 idem

80 4120 204 4200 praebet
226 4123 415 4201 ‘antiquam'
440 4123 543 4181 Servio
561 4130 635 4181 teste
658 4121 852 4181 ‘lectionem’
876 4124 964 4182 etiam
987 4125 1017 4184 in
1040 4126 1075 4184 bc
1098 4132 1127 4183 et
1153 4123 1226 4184 alios

81 4223 224 4300 quosdam
249 4222 341 4283 libros
362 4223 483 4286 inlatam
506 4241 601 4283 auras
624 4223 687 4303 (pro
711 4241 831 4285 aurae
855 4224 973 4302 MPBy)
996 4225 1067 4285 den.
1093 4225 1129 4284 Xl
1153 4222 1223 4284 801.

80 4324 164 4394 Quod
195 4327 266 4384 den.
298 4324 349 4384 Xll
379 4321 419 4384 98
448 4324 537 4384 babet
565 4325 718 4385 celebrare
745 4344 800 4403 pro
828 4330 1009 4386 lacerare
1039 4326 1223 4406 (MPliybc),
