<?xml version="1.0" encoding="UTF-8"?>
<!DOCTYPE html PUBLIC "-//W3C//DTD XHTML 1.0 Transitional//EN"
    "http://www.w3.org/TR/xhtml1/DTD/xhtml1-transitional.dtd">
<html xmlns="http://www.w3.org/1999/xhtml" xml:lang="en" lang="en">
 <head>
  <title>
</title>
<meta http-equiv="Content-Type" content="text/html;charset=utf-8" />
  <meta name='ocr-system' content='tesseract 3.04.00' />
  <meta name='ocr-capabilities' content='ocr_page ocr_carea ocr_par ocr_line ocrx_word'/>
</head>
<body>
  <div class='ocr_page' id='page_1' title='image "./pvergilimaronis01ribbgoog/pvergilimaronis01ribbgoog_0111.png"; bbox 0 0 3038 4912; ppageno 0'>
   <div class='ocr_carea' id='block_1_1' title="bbox 244 312 937 382">
    <p class='ocr_par' dir='ltr' id='par_1_1' title="bbox 244 312 937 382">
     <span class='ocr_line' id='line_1_1' title="bbox 244 312 937 382; baseline 0.003 -3"><span class='ocrx_word' id='word_1_1' title='bbox 244 312 286 380; x_wconf 79' lang='lat'>74</span> <span class='ocrx_word' id='word_1_2' title='bbox 692 337 937 382; x_wconf 79' lang='lat' dir='ltr'>ranuncounun.</span> 
     </span>
    </p>
   </div>
   <div class='ocr_carea' id='block_1_2' title="bbox 242 505 1395 4474">
    <p class='ocr_par' dir='ltr' id='par_1_2' title="bbox 243 505 1390 1303">
     <span class='ocr_line' id='line_1_2' title="bbox 243 505 1389 587; baseline 0.005 -21"><span class='ocrx_word' id='word_1_3' title='bbox 243 505 361 567; x_wconf 86' lang='lat' dir='ltr'>schedis</span> <span class='ocrx_word' id='word_1_4' title='bbox 383 506 470 567; x_wconf 90' lang='lat' dir='ltr'>amici</span> <span class='ocrx_word' id='word_1_5' title='bbox 491 505 647 584; x_wconf 81' lang='lat' dir='ltr'><strong>reliquisse</strong></span> <span class='ocrx_word' id='word_1_6' title='bbox 670 505 793 586; x_wconf 88' lang='lat' dir='ltr'>putandi</span> <span class='ocrx_word' id='word_1_7' title='bbox 808 514 886 578; x_wconf 89' lang='lat' dir='ltr'>sunt,</span> <span class='ocrx_word' id='word_1_8' title='bbox 910 507 1037 570; x_wconf 84' lang='lat' dir='ltr'>edidisse</span> <span class='ocrx_word' id='word_1_9' title='bbox 1059 509 1137 587; x_wconf 94' lang='lat' dir='ltr'>quod</span> <span class='ocrx_word' id='word_1_10' title='bbox 1154 510 1185 570; x_wconf 94' lang='lat' dir='ltr'>in</span> <span class='ocrx_word' id='word_1_11' title='bbox 1199 509 1279 572; x_wconf 92' lang='lat' dir='ltr'>illius</span> <span class='ocrx_word' id='word_1_12' title='bbox 1293 512 1389 573; x_wconf 91' lang='lat' dir='ltr'>vicem</span> 
     </span>
     <span class='ocr_line' id='line_1_3' title="bbox 244 606 1389 691; baseline 0.004 -23"><span class='ocrx_word' id='word_1_13' title='bbox 244 607 337 669; x_wconf 85' lang='lat' dir='ltr'>nvulto</span> <span class='ocrx_word' id='word_1_14' title='bbox 359 606 476 669; x_wconf 88' lang='lat' dir='ltr'>lelicius</span> <span class='ocrx_word' id='word_1_15' title='bbox 504 609 660 670; x_wconf 86' lang='lat' dir='ltr'>eillnxerat</span> <span class='ocrx_word' id='word_1_16' title='bbox 692 613 742 670; x_wconf 80' lang='lat' dir='ltr'>‘et</span> <span class='ocrx_word' id='word_1_17' title='bbox 771 611 885 689; x_wconf 81' lang='lat' dir='ltr'>magnis</span> <span class='ocrx_word' id='word_1_18' title='bbox 913 613 1051 691; x_wconf 89' lang='lat' dir='ltr'>quatiunt</span> <span class='ocrx_word' id='word_1_19' title='bbox 1080 611 1270 689; x_wconf 82' lang='lat' dir='ltr'><strong>clangoribus</strong></span> <span class='ocrx_word' id='word_1_20' title='bbox 1297 611 1389 675; x_wconf 85' lang='lat' dir='ltr'>alas&#39;.</span> 
     </span>
     <span class='ocr_line' id='line_1_4' title="bbox 244 707 1387 792; baseline 0.003 -20"><span class='ocrx_word' id='word_1_21' title='bbox 244 708 339 772; x_wconf 85' lang='lat' dir='ltr'>Simili</span> <span class='ocrx_word' id='word_1_22' title='bbox 368 712 485 773; x_wconf 87' lang='lat' dir='ltr'>ratione</span> <span class='ocrx_word' id='word_1_23' title='bbox 508 711 546 772; x_wconf 91' lang='lat' dir='ltr'>de</span> <span class='ocrx_word' id='word_1_24' title='bbox 568 729 593 771; x_wconf 92' lang='lat' dir='ltr'>v.</span> <span class='ocrx_word' id='word_1_25' title='bbox 617 707 695 782; x_wconf 82' lang='lat'><strong>595,</strong></span> <span class='ocrx_word' id='word_1_26' title='bbox 730 713 814 773; x_wconf 90' lang='lat' dir='ltr'>cuius</span> <span class='ocrx_word' id='word_1_27' title='bbox 841 711 907 773; x_wconf 93' lang='lat' dir='ltr'>loco</span> <span class='ocrx_word' id='word_1_28' title='bbox 929 732 956 774; x_wconf 91' lang='lat' dir='ltr'>v.</span> <span class='ocrx_word' id='word_1_29' title='bbox 979 711 1042 776; x_wconf 87' lang='lat'>603</span> <span class='ocrx_word' id='word_1_30' title='bbox 1070 715 1219 792; x_wconf 82' lang='lat' dir='ltr'>iungitur,</span> <span class='ocrx_word' id='word_1_31' title='bbox 1252 715 1387 776; x_wconf 88' lang='lat' dir='ltr'>iudicavi.</span> 
     </span>
     <span class='ocr_line' id='line_1_5' title="bbox 244 809 1389 895; baseline 0.005 -23"><span class='ocrx_word' id='word_1_32' title='bbox 244 814 358 875; x_wconf 87' lang='lat' dir='ltr'>Versus</span> <span class='ocrx_word' id='word_1_33' title='bbox 382 809 443 876; x_wconf 84' lang='lat'>128</span> <span class='ocrx_word' id='word_1_34' title='bbox 466 831 509 894; x_wconf 94' lang='lat' dir='ltr'>sq.</span> <span class='ocrx_word' id='word_1_35' title='bbox 534 831 652 894; x_wconf 91' lang='lat' dir='ltr'>quoque</span> <span class='ocrx_word' id='word_1_36' title='bbox 675 813 815 876; x_wconf 91' lang='lat' dir='ltr'>secundis</span> <span class='ocrx_word' id='word_1_37' title='bbox 837 817 919 876; x_wconf 88' lang='lat' dir='ltr'>curis</span> <span class='ocrx_word' id='word_1_38' title='bbox 941 817 1000 877; x_wconf 91' lang='lat' dir='ltr'>orti</span> <span class='ocrx_word' id='word_1_39' title='bbox 1030 823 1060 877; x_wconf 92' lang='lat' dir='ltr'>et</span> <span class='ocrx_word' id='word_1_40' title='bbox 1086 835 1103 877; x_wconf 93' lang='lat' dir='ltr'>a</span> <span class='ocrx_word' id='word_1_41' title='bbox 1125 818 1260 895; x_wconf 82' lang='lat' dir='ltr'>margine</span> <span class='ocrx_word' id='word_1_42' title='bbox 1280 819 1312 878; x_wconf 91' lang='lat' dir='ltr'>in</span> <span class='ocrx_word' id='word_1_43' title='bbox 1335 817 1389 878; x_wconf 90' lang='lat' dir='ltr'>lal-</span> 
     </span>
     <span class='ocr_line' id='line_1_6' title="bbox 243 914 1389 999; baseline 0.004 -23"><span class='ocrx_word' id='word_1_44' title='bbox 243 935 309 980; x_wconf 90' lang='lat' dir='ltr'>sum</span> <span class='ocrx_word' id='word_1_45' title='bbox 333 922 430 977; x_wconf 88' lang='lat' dir='ltr'>textus</span> <span class='ocrx_word' id='word_1_46' title='bbox 452 914 551 977; x_wconf 91' lang='lat' dir='ltr'>locum</span> <span class='ocrx_word' id='word_1_47' title='bbox 573 918 679 978; x_wconf 90' lang='lat' dir='ltr'>inserti</span> <span class='ocrx_word' id='word_1_48' title='bbox 701 935 768 978; x_wconf 90' lang='lat' dir='ltr'>esse</span> <span class='ocrx_word' id='word_1_49' title='bbox 797 925 931 996; x_wconf 82' lang='lat' dir='ltr'><strong>possunt.</strong></span> <span class='ocrx_word' id='word_1_50' title='bbox 982 917 1048 980; x_wconf 88' lang='lat' dir='ltr'>Non</span> <span class='ocrx_word' id='word_1_51' title='bbox 1077 927 1174 980; x_wconf 89' lang='lat' dir='ltr'>autem</span> <span class='ocrx_word' id='word_1_52' title='bbox 1198 917 1389 999; x_wconf 81' lang='lat' dir='ltr'>displicuisse</span> 
     </span>
     <span class='ocr_line' id='line_1_7' title="bbox 243 1014 1390 1100; baseline 0.003 -20"><span class='ocrx_word' id='word_1_53' title='bbox 243 1018 354 1080; x_wconf 91' lang='lat' dir='ltr'>criticis</span> <span class='ocrx_word' id='word_1_54' title='bbox 382 1016 535 1080; x_wconf 80' lang='lat' dir='ltr'>tibicinem</span> <span class='ocrx_word' id='word_1_55' title='bbox 562 1014 626 1082; x_wconf 82' lang='lat'>256</span> <span class='ocrx_word' id='word_1_56' title='bbox 660 1020 857 1100; x_wconf 80' lang='lat' dir='ltr'>‘nostraeque</span> <span class='ocrx_word' id='word_1_57' title='bbox 884 1021 994 1083; x_wconf 90' lang='lat' dir='ltr'>iniuria</span> <span class='ocrx_word' id='word_1_58' title='bbox 1022 1019 1138 1082; x_wconf 90' lang='lat' dir='ltr'>caedis’</span> <span class='ocrx_word' id='word_1_59' title='bbox 1172 1021 1282 1083; x_wconf 87' lang='lat' dir='ltr'>miror:</span> <span class='ocrx_word' id='word_1_60' title='bbox 1315 1022 1390 1084; x_wconf 92' lang='lat' dir='ltr'>mibi</span> 
     </span>
     <span class='ocr_line' id='line_1_8' title="bbox 243 1119 1389 1201; baseline 0.005 -21"><span class='ocrx_word' id='word_1_61' title='bbox 243 1119 400 1182; x_wconf 89' lang='lat' dir='ltr'>durissime</span> <span class='ocrx_word' id='word_1_62' title='bbox 422 1121 579 1183; x_wconf 80' lang='lat' dir='ltr'>coniuncta</span> <span class='ocrx_word' id='word_1_63' title='bbox 602 1121 737 1184; x_wconf 88' lang='lat' dir='ltr'>videntur</span> <span class='ocrx_word' id='word_1_64' title='bbox 759 1123 853 1184; x_wconf 89' lang='lat' dir='ltr'>lames</span> <span class='ocrx_word' id='word_1_65' title='bbox 875 1131 905 1183; x_wconf 90' lang='lat' dir='ltr'>et</span> <span class='ocrx_word' id='word_1_66' title='bbox 926 1123 1033 1184; x_wconf 88' lang='lat' dir='ltr'>iniuria</span> <span class='ocrx_word' id='word_1_67' title='bbox 1056 1123 1164 1193; x_wconf 90' lang='lat' dir='ltr'>caedis,</span> <span class='ocrx_word' id='word_1_68' title='bbox 1189 1139 1264 1201; x_wconf 89' lang='lat' dir='ltr'>quae</span> <span class='ocrx_word' id='word_1_69' title='bbox 1286 1123 1389 1186; x_wconf 79' lang='lat' dir='ltr'>‘amb-</span> 
     </span>
     <span class='ocr_line' id='line_1_9' title="bbox 244 1222 909 1303; baseline 0.003 -19"><span class='ocrx_word' id='word_1_70' title='bbox 244 1242 311 1285; x_wconf 91' lang='lat' dir='ltr'>esas</span> <span class='ocrx_word' id='word_1_71' title='bbox 333 1223 451 1303; x_wconf 81' lang='lat' dir='ltr'>subigat</span> <span class='ocrx_word' id='word_1_72' title='bbox 473 1223 559 1284; x_wconf 92' lang='lat' dir='ltr'>malis</span> <span class='ocrx_word' id='word_1_73' title='bbox 581 1222 739 1285; x_wconf 80' lang='lat' dir='ltr'>absumere</span> <span class='ocrx_word' id='word_1_74' title='bbox 761 1229 909 1286; x_wconf 87' lang='lat' dir='ltr'>mensas’.</span> 
     </span>
    </p>

    <p class='ocr_par' dir='ltr' id='par_1_3' title="bbox 243 1323 1390 2636">
     <span class='ocr_line' id='line_1_10' title="bbox 326 1323 1390 1406; baseline 0.006 -20"><span class='ocrx_word' id='word_1_75' title='bbox 326 1323 528 1406; x_wconf 89' lang='lat' dir='ltr'>lnpcrlectum</span> <span class='ocrx_word' id='word_1_76' title='bbox 557 1325 594 1386; x_wconf 90' lang='lat' dir='ltr'>de</span> <span class='ocrx_word' id='word_1_77' title='bbox 624 1326 709 1387; x_wconf 90' lang='lat' dir='ltr'>donis</span> <span class='ocrx_word' id='word_1_78' title='bbox 737 1325 774 1387; x_wconf 92' lang='lat' dir='ltr'>ab</span> <span class='ocrx_word' id='word_1_79' title='bbox 801 1327 1008 1389; x_wconf 89' lang='lat' dir='ltr'>Andromacha</span> <span class='ocrx_word' id='word_1_80' title='bbox 1030 1329 1156 1390; x_wconf 88' lang='lat' dir='ltr'>Ascanio</span> <span class='ocrx_word' id='word_1_81' title='bbox 1185 1325 1261 1389; x_wconf 86' lang='lat' dir='ltr'>datis</span> <span class='ocrx_word' id='word_1_82' title='bbox 1289 1327 1390 1392; x_wconf 88' lang='lat' dir='ltr'>locum</span> 
     </span>
     <span class='ocr_line' id='line_1_11' title="bbox 243 1425 1389 1512; baseline 0.001 -21"><span class='ocrx_word' id='word_1_83' title='bbox 243 1447 309 1491; x_wconf 90' lang='lat' dir='ltr'>esse</span> <span class='ocrx_word' id='word_1_84' title='bbox 332 1435 457 1509; x_wconf 90' lang='lat' dir='ltr'>propter</span> <span class='ocrx_word' id='word_1_85' title='bbox 478 1428 568 1492; x_wconf 90' lang='lat' dir='ltr'>verba</span> <span class='ocrx_word' id='word_1_86' title='bbox 590 1428 709 1508; x_wconf 75' lang='lat' dir='ltr'>‘accipe</span> <span class='ocrx_word' id='word_1_87' title='bbox 731 1436 760 1490; x_wconf 84' lang='lat' dir='ltr'>st</span> <span class='ocrx_word' id='word_1_88' title='bbox 782 1428 872 1491; x_wconf 89' lang='lat' dir='ltr'>haec&#39;</span> <span class='ocrx_word' id='word_1_89' title='bbox 897 1449 922 1490; x_wconf 95' lang='lat' dir='ltr'>v.</span> <span class='ocrx_word' id='word_1_90' title='bbox 938 1425 1010 1498; x_wconf 84' lang='lat'><em>486,</em></span> <span class='ocrx_word' id='word_1_91' title='bbox 1036 1447 1111 1507; x_wconf 89' lang='lat' dir='ltr'>quae</span> <span class='ocrx_word' id='word_1_92' title='bbox 1127 1431 1255 1510; x_wconf 80' lang='lat' dir='ltr'>antiquis</span> <span class='ocrx_word' id='word_1_93' title='bbox 1270 1447 1389 1512; x_wconf 90' lang='lat' dir='ltr'>quoque</span> 
     </span>
     <span class='ocr_line' id='line_1_12' title="bbox 243 1529 1389 1613; baseline 0.003 -21"><span class='ocrx_word' id='word_1_94' title='bbox 243 1529 456 1611; x_wconf 75' lang='lat' dir='ltr'>interpretibus</span> <span class='ocrx_word' id='word_1_95' title='bbox 489 1529 704 1592; x_wconf 82' lang='lat' dir='ltr'>dubitationem</span> <span class='ocrx_word' id='word_1_96' title='bbox 732 1540 888 1594; x_wconf 89' lang='lat' dir='ltr'>moverunt</span> <span class='ocrx_word' id='word_1_97' title='bbox 920 1531 995 1613; x_wconf 87' lang='lat' dir='ltr'>(vide</span> <span class='ocrx_word' id='word_1_98' title='bbox 1023 1531 1187 1610; x_wconf 86' lang='lat' dir='ltr'>Servium),</span> <span class='ocrx_word' id='word_1_99' title='bbox 1221 1532 1389 1611; x_wconf 84' lang='lat' dir='ltr'>Wagnerus</span> 
     </span>
     <span class='ocr_line' id='line_1_13' title="bbox 243 1631 1389 1712; baseline 0.002 -18"><span class='ocrx_word' id='word_1_100' title='bbox 243 1635 372 1703; x_wconf 87' lang='lat' dir='ltr'>censuit,</span> <span class='ocrx_word' id='word_1_101' title='bbox 408 1640 439 1693; x_wconf 89' lang='lat' dir='ltr'>et</span> <span class='ocrx_word' id='word_1_102' title='bbox 459 1632 573 1712; x_wconf 83' lang='lat' dir='ltr'>lleynio</span> <span class='ocrx_word' id='word_1_103' title='bbox 603 1631 819 1712; x_wconf 90' lang='lat' dir='ltr'>displicuerunt</span> <span class='ocrx_word' id='word_1_104' title='bbox 846 1635 918 1695; x_wconf 76' lang='lat' dir='ltr'>‘nec</span> <span class='ocrx_word' id='word_1_105' title='bbox 946 1631 1025 1695; x_wconf 90' lang='lat' dir='ltr'>cedit</span> <span class='ocrx_word' id='word_1_106' title='bbox 1053 1633 1186 1694; x_wconf 91' lang='lat' dir='ltr'>honore’</span> <span class='ocrx_word' id='word_1_107' title='bbox 1216 1653 1242 1694; x_wconf 91' lang='lat' dir='ltr'>v.</span> <span class='ocrx_word' id='word_1_108' title='bbox 1265 1631 1331 1696; x_wconf 84' lang='lat'>484</span> <span class='ocrx_word' id='word_1_109' title='bbox 1359 1643 1389 1696; x_wconf 89' lang='lat' dir='ltr'>et</span> 
     </span>
     <span class='ocr_line' id='line_1_14' title="bbox 243 1733 1388 1814; baseline 0.001 -18"><span class='ocrx_word' id='word_1_110' title='bbox 243 1735 473 1814; x_wconf 75' lang='lat' dir='ltr'>‘textilibusque</span> <span class='ocrx_word' id='word_1_111' title='bbox 496 1742 601 1798; x_wconf 88' lang='lat' dir='ltr'>onerat</span> <span class='ocrx_word' id='word_1_112' title='bbox 629 1735 733 1796; x_wconf 91' lang='lat' dir='ltr'>donis&#39;</span> <span class='ocrx_word' id='word_1_113' title='bbox 764 1756 789 1796; x_wconf 94' lang='lat' dir='ltr'>v.</span> <span class='ocrx_word' id='word_1_114' title='bbox 813 1733 878 1800; x_wconf 87' lang='grc'>485</span> <span class='ocrx_word' id='word_1_115' title='bbox 905 1735 1099 1797; x_wconf 89' lang='lat' dir='ltr'>hemistichia.</span> <span class='ocrx_word' id='word_1_116' title='bbox 1144 1737 1182 1797; x_wconf 89' lang='lat' dir='ltr'>At</span> <span class='ocrx_word' id='word_1_117' title='bbox 1210 1754 1312 1799; x_wconf 90' lang='lat' dir='ltr'>eorum</span> <span class='ocrx_word' id='word_1_118' title='bbox 1335 1737 1388 1798; x_wconf 92' lang='lat' dir='ltr'>do·</span> 
     </span>
     <span class='ocr_line' id='line_1_15' title="bbox 245 1837 1389 1920; baseline 0.001 -20"><span class='ocrx_word' id='word_1_119' title='bbox 245 1857 366 1908; x_wconf 88' lang='lat' dir='ltr'>norum,</span> <span class='ocrx_word' id='word_1_120' title='bbox 400 1855 476 1918; x_wconf 89' lang='lat' dir='ltr'>quae</span> <span class='ocrx_word' id='word_1_121' title='bbox 497 1837 628 1899; x_wconf 91' lang='lat' dir='ltr'>llelenus</span> <span class='ocrx_word' id='word_1_122' title='bbox 651 1838 685 1899; x_wconf 91' lang='lat' dir='ltr'>ad</span> <span class='ocrx_word' id='word_1_123' title='bbox 710 1840 792 1900; x_wconf 90' lang='lat' dir='ltr'>navis</span> <span class='ocrx_word' id='word_1_124' title='bbox 815 1841 888 1900; x_wconf 91' lang='lat' dir='ltr'>lerri</span> <span class='ocrx_word' id='word_1_125' title='bbox 910 1841 1054 1906; x_wconf 90' lang='lat' dir='ltr'>iusserat,</span> <span class='ocrx_word' id='word_1_126' title='bbox 1089 1838 1247 1900; x_wconf 81' lang='lat' dir='ltr'>Ascanium</span> <span class='ocrx_word' id='word_1_127' title='bbox 1271 1859 1389 1920; x_wconf 88' lang='lat' dir='ltr'>quoque</span> 
     </span>
     <span class='ocr_line' id='line_1_16' title="bbox 243 1941 1388 2021; baseline 0 -19"><span class='ocrx_word' id='word_1_128' title='bbox 243 1943 420 2021; x_wconf 87' lang='lat' dir='ltr'>participem</span> <span class='ocrx_word' id='word_1_129' title='bbox 446 1941 540 2003; x_wconf 86' lang='lat' dir='ltr'>luisse</span> <span class='ocrx_word' id='word_1_130' title='bbox 568 1947 803 2002; x_wconf 88' lang='lat' dir='ltr'>consentaneum</span> <span class='ocrx_word' id='word_1_131' title='bbox 833 1949 906 2004; x_wconf 89' lang='grc'>1111.</span> <span class='ocrx_word' id='word_1_132' title='bbox 957 1942 1093 2002; x_wconf 89' lang='lat' dir='ltr'>Potuisse</span> <span class='ocrx_word' id='word_1_133' title='bbox 1123 1946 1197 2003; x_wconf 76' lang='lat' dir='ltr'>‘uec</span> <span class='ocrx_word' id='word_1_134' title='bbox 1227 1941 1306 2002; x_wconf 86' lang='lat' dir='ltr'>cedit</span> <span class='ocrx_word' id='word_1_135' title='bbox 1335 1942 1388 2002; x_wconf 92' lang='lat' dir='ltr'>ho-</span> 
     </span>
     <span class='ocr_line' id='line_1_17' title="bbox 243 2042 1389 2124; baseline 0 -18"><span class='ocrx_word' id='word_1_136' title='bbox 243 2046 327 2106; x_wconf 90' lang='lat' dir='ltr'>nori&#39;</span> <span class='ocrx_word' id='word_1_137' title='bbox 351 2043 393 2104; x_wconf 86' lang='lat' dir='ltr'>vel</span> <span class='ocrx_word' id='word_1_138' title='bbox 418 2042 568 2104; x_wconf 77' lang='lat' dir='ltr'>‘honore’</span> <span class='ocrx_word' id='word_1_139' title='bbox 592 2045 687 2105; x_wconf 86' lang='lat' dir='ltr'>omitti</span> <span class='ocrx_word' id='word_1_140' title='bbox 703 2063 805 2106; x_wconf 90' lang='lat' dir='ltr'>verum</span> <span class='ocrx_word' id='word_1_141' title='bbox 821 2052 881 2114; x_wconf 76' lang='lat' dir='ltr'>est:</span> <span class='ocrx_word' id='word_1_142' title='bbox 906 2044 1024 2124; x_wconf 88' lang='lat' dir='ltr'>poterat</span> <span class='ocrx_word' id='word_1_143' title='bbox 1045 2044 1181 2123; x_wconf 88' lang='lat' dir='ltr'>prolecto</span> <span class='ocrx_word' id='word_1_144' title='bbox 1196 2051 1284 2123; x_wconf 81' lang='lat' dir='ltr'>poeto</span> <span class='ocrx_word' id='word_1_145' title='bbox 1300 2045 1389 2106; x_wconf 89' lang='lat' dir='ltr'>etiarn</span> 
     </span>
     <span class='ocr_line' id='line_1_18' title="bbox 243 2127 1389 2226; baseline -0.002 -17"><span class='ocrx_word' id='word_1_146' title='bbox 243 2146 355 2209; x_wconf 83' lang='lat' dir='ltr'>textilia</span> <span class='ocrx_word' id='word_1_147' title='bbox 378 2147 456 2208; x_wconf 91' lang='lat' dir='ltr'>dona</span> <span class='ocrx_word' id='word_1_148' title='bbox 479 2148 628 2208; x_wconf 85' lang='lat' dir='ltr'>omittere.</span> <span class='ocrx_word' id='word_1_149' title='bbox 659 2146 716 2207; x_wconf 90' lang='lat' dir='ltr'>Sed</span> <span class='ocrx_word' id='word_1_150' title='bbox 732 2146 806 2208; x_wconf 88' lang='lat' dir='ltr'>mihi</span> <span class='ocrx_word' id='word_1_151' title='bbox 820 2127 898 2208; x_wconf 44' lang='lat' dir='ltr'>haec*</span> <span class='ocrx_word' id='word_1_152' title='bbox 915 2148 980 2226; x_wconf 91' lang='lat' dir='ltr'>ipsa</span> <span class='ocrx_word' id='word_1_153' title='bbox 1001 2147 1103 2206; x_wconf 89' lang='lat' dir='ltr'>neseio</span> <span class='ocrx_word' id='word_1_154' title='bbox 1127 2145 1199 2224; x_wconf 93' lang='lat' dir='ltr'>quid</span> <span class='ocrx_word' id='word_1_155' title='bbox 1222 2144 1389 2207; x_wconf 89' lang='lat' dir='ltr'>dulcedinis</span> 
     </span>
     <span class='ocr_line' id='line_1_19' title="bbox 245 2235 1388 2326; baseline -0.002 -16"><span class='ocrx_word' id='word_1_156' title='bbox 245 2248 356 2312; x_wconf 90' lang='lat' dir='ltr'>habere</span> <span class='ocrx_word' id='word_1_157' title='bbox 380 2247 534 2310; x_wconf 89' lang='lat' dir='ltr'>videntur:</span> <span class='ocrx_word' id='word_1_158' title='bbox 564 2267 632 2310; x_wconf 89' lang='lat' dir='ltr'>nam</span> <span class='ocrx_word' id='word_1_159' title='bbox 661 2256 694 2310; x_wconf 91' lang='lat' dir='ltr'>ut</span> <span class='ocrx_word' id='word_1_160' title='bbox 721 2248 812 2310; x_wconf 93' lang='lat' dir='ltr'>verba</span> <span class='ocrx_word' id='word_1_161' title='bbox 835 2267 911 2326; x_wconf 90' lang='lat' dir='ltr'>quae</span> <span class='ocrx_word' id='word_1_162' title='bbox 934 2235 1076 2310; x_wconf 79' lang='lat' dir='ltr'>secuntur</span> <span class='ocrx_word' id='word_1_163' title='bbox 1098 2247 1321 2310; x_wconf 79' lang='lat' dir='ltr'>Andromachae</span> <span class='ocrx_word' id='word_1_164' title='bbox 1344 2255 1388 2308; x_wconf 90' lang='lat' dir='ltr'>te·</span> 
     </span>
     <span class='ocr_line' id='line_1_20' title="bbox 244 2351 1387 2430; baseline -0.003 -17"><span class='ocrx_word' id='word_1_165' title='bbox 244 2353 374 2414; x_wconf 89' lang='lat' dir='ltr'>nerrima</span> <span class='ocrx_word' id='word_1_166' title='bbox 403 2359 485 2420; x_wconf 93' lang='lat' dir='ltr'>sunt,</span> <span class='ocrx_word' id='word_1_167' title='bbox 514 2353 554 2413; x_wconf 88' lang='lat' dir='ltr'>ita</span> <span class='ocrx_word' id='word_1_168' title='bbox 583 2351 728 2412; x_wconf 90' lang='lat' dir='ltr'>donorum</span> <span class='ocrx_word' id='word_1_169' title='bbox 752 2368 880 2430; x_wconf 88' lang='lat' dir='ltr'>quoque,</span> <span class='ocrx_word' id='word_1_170' title='bbox 905 2369 980 2429; x_wconf 89' lang='lat' dir='ltr'>quae</span> <span class='ocrx_word' id='word_1_171' title='bbox 1002 2368 1143 2411; x_wconf 89' lang='lat' dir='ltr'>manuum</span> <span class='ocrx_word' id='word_1_172' title='bbox 1164 2351 1259 2430; x_wconf 90' lang='lat' dir='ltr'>ipsius</span> <span class='ocrx_word' id='word_1_173' title='bbox 1280 2368 1387 2411; x_wconf 90' lang='lat' dir='ltr'>monu-</span> 
     </span>
     <span class='ocr_line' id='line_1_21' title="bbox 244 2451 1389 2533; baseline -0.002 -17"><span class='ocrx_word' id='word_1_174' title='bbox 244 2461 340 2516; x_wconf 88' lang='lat' dir='ltr'>menta</span> <span class='ocrx_word' id='word_1_175' title='bbox 364 2454 431 2523; x_wconf 87' lang='lat' dir='ltr'>sint,</span> <span class='ocrx_word' id='word_1_176' title='bbox 455 2451 633 2515; x_wconf 90' lang='lat' dir='ltr'>abundantia</span> <span class='ocrx_word' id='word_1_177' title='bbox 656 2455 704 2514; x_wconf 88' lang='lat' dir='ltr'>vix</span> <span class='ocrx_word' id='word_1_178' title='bbox 725 2452 784 2516; x_wconf 89' lang='lat' dir='ltr'>sibi</span> <span class='ocrx_word' id='word_1_179' title='bbox 805 2455 900 2533; x_wconf 89' lang='lat' dir='ltr'>ipsam</span> <span class='ocrx_word' id='word_1_180' title='bbox 922 2454 993 2516; x_wconf 92' lang='lat' dir='ltr'>satis</span> <span class='ocrx_word' id='word_1_181' title='bbox 1014 2453 1115 2514; x_wconf 91' lang='lat' dir='ltr'>lacere</span> <span class='ocrx_word' id='word_1_182' title='bbox 1137 2471 1226 2532; x_wconf 89' lang='lat' dir='ltr'>posse</span> <span class='ocrx_word' id='word_1_183' title='bbox 1248 2470 1308 2512; x_wconf 91' lang='lat' dir='ltr'>non</span> <span class='ocrx_word' id='word_1_184' title='bbox 1324 2453 1389 2514; x_wconf 90' lang='lat' dir='ltr'>sine</span> 
     </span>
     <span class='ocr_line' id='line_1_22' title="bbox 246 2555 785 2636; baseline 0.002 -20"><span class='ocrx_word' id='word_1_185' title='bbox 246 2556 349 2636; x_wconf 89' lang='lat' dir='ltr'>lepore</span> <span class='ocrx_word' id='word_1_186' title='bbox 372 2555 500 2634; x_wconf 91' lang='lat' dir='ltr'>quodam</span> <span class='ocrx_word' id='word_1_187' title='bbox 523 2557 667 2635; x_wconf 81' lang='lat' dir='ltr'>signifieat</span> <span class='ocrx_word' id='word_1_188' title='bbox 688 2563 785 2636; x_wconf 90' lang='lat' dir='ltr'>poeta.</span> 
     </span>
    </p>

    <p class='ocr_par' dir='ltr' id='par_1_4' title="bbox 242 2653 1395 3555">
     <span class='ocr_line' id='line_1_23' title="bbox 328 2653 1390 2739; baseline 0.001 -21"><span class='ocrx_word' id='word_1_189' title='bbox 328 2659 433 2719; x_wconf 90' lang='lat' dir='ltr'>Verius</span> <span class='ocrx_word' id='word_1_190' title='bbox 457 2658 535 2736; x_wconf 90' lang='lat' dir='ltr'>quod</span> <span class='ocrx_word' id='word_1_191' title='bbox 557 2653 771 2739; x_wconf 84' lang='lat' dir='ltr'>Peerlkampus</span> <span class='ocrx_word' id='word_1_192' title='bbox 794 2678 837 2719; x_wconf 93' lang='lat' dir='ltr'>vv.</span> <span class='ocrx_word' id='word_1_193' title='bbox 854 2654 917 2719; x_wconf 78' lang='lat'>470</span> <span class='ocrx_word' id='word_1_194' title='bbox 931 2677 975 2738; x_wconf 92' lang='lat' dir='ltr'>sq.</span> <span class='ocrx_word' id='word_1_195' title='bbox 1001 2657 1188 2737; x_wconf 88' lang='lat' dir='ltr'>vituperavit:</span> <span class='ocrx_word' id='word_1_196' title='bbox 1213 2674 1247 2717; x_wconf 91' lang='grc'>11</span> <span class='ocrx_word' id='word_1_197' title='bbox 1262 2667 1390 2736; x_wconf 88' lang='lat' dir='ltr'>possunt</span> 
     </span>
     <span class='ocr_line' id='line_1_24' title="bbox 242 2755 1388 2840; baseline -0.003 -17"><span class='ocrx_word' id='word_1_198' title='bbox 242 2760 326 2823; x_wconf 88' lang='lat' dir='ltr'>lacile</span> <span class='ocrx_word' id='word_1_199' title='bbox 349 2759 522 2822; x_wconf 89' lang='lat' dir='ltr'>desiderari.</span> <span class='ocrx_word' id='word_1_200' title='bbox 567 2760 677 2822; x_wconf 87' lang='lat' dir='ltr'>Contra</span> <span class='ocrx_word' id='word_1_201' title='bbox 700 2760 778 2838; x_wconf 92' lang='lat' dir='ltr'>quod</span> <span class='ocrx_word' id='word_1_202' title='bbox 802 2766 962 2839; x_wconf 86' lang='lat' dir='ltr'>sequentes</span> <span class='ocrx_word' id='word_1_203' title='bbox 988 2776 1106 2840; x_wconf 87' lang='lat' dir='ltr'>quoque</span> <span class='ocrx_word' id='word_1_204' title='bbox 1130 2777 1233 2819; x_wconf 89' lang='lat' dir='ltr'>versus</span> <span class='ocrx_word' id='word_1_205' title='bbox 1254 2755 1319 2819; x_wconf 81' lang='grc'>472</span> <span class='ocrx_word' id='word_1_206' title='bbox 1342 2776 1388 2838; x_wconf 91' lang='lat' dir='ltr'>sq.</span> 
     </span>
     <span class='ocr_line' id='line_1_25' title="bbox 243 2859 1395 2942; baseline -0.002 -18"><span class='ocrx_word' id='word_1_207' title='bbox 243 2863 337 2924; x_wconf 88' lang='lat' dir='ltr'>deleri</span> <span class='ocrx_word' id='word_1_208' title='bbox 359 2861 451 2923; x_wconf 89' lang='lat' dir='ltr'>voluit</span> <span class='ocrx_word' id='word_1_209' title='bbox 473 2861 606 2924; x_wconf 83' lang='lat' dir='ltr'>Conrads</span> <span class='ocrx_word' id='word_1_210' title='bbox 628 2881 657 2942; x_wconf 93' lang='lat' dir='ltr'>p.</span> <span class='ocrx_word' id='word_1_211' title='bbox 682 2861 793 2932; x_wconf 80' lang='lat' dir='ltr'>xxvlt</span> <span class='ocrx_word' id='word_1_212' title='bbox 818 2862 941 2924; x_wconf 88' lang='lat' dir='ltr'>calidior</span> <span class='ocrx_word' id='word_1_213' title='bbox 963 2862 1034 2922; x_wconf 89' lang='lat' dir='ltr'>luit:</span> <span class='ocrx_word' id='word_1_214' title='bbox 1064 2879 1133 2922; x_wconf 90' lang='lat' dir='ltr'>nam</span> <span class='ocrx_word' id='word_1_215' title='bbox 1155 2859 1278 2940; x_wconf 84' lang='lat' dir='ltr'>pulchre</span> <span class='ocrx_word' id='word_1_216' title='bbox 1302 2869 1395 2940; x_wconf 62' lang='lat' dir='ltr'>poeta,</span> 
     </span>
     <span class='ocr_line' id='line_1_26' title="bbox 243 2960 1390 3044; baseline -0.003 -17"><span class='ocrx_word' id='word_1_217' title='bbox 243 2965 391 3027; x_wconf 78' lang='lat' dir='ltr'>Anchisen</span> <span class='ocrx_word' id='word_1_218' title='bbox 414 2983 578 3044; x_wconf 91' lang='lat' dir='ltr'>properare</span> <span class='ocrx_word' id='word_1_219' title='bbox 601 2965 700 3035; x_wconf 89' lang='lat' dir='ltr'>linxit,</span> <span class='ocrx_word' id='word_1_220' title='bbox 730 2971 763 3025; x_wconf 91' lang='lat' dir='ltr'>ut</span> <span class='ocrx_word' id='word_1_221' title='bbox 791 2963 915 3025; x_wconf 87' lang='lat' dir='ltr'>haberet</span> <span class='ocrx_word' id='word_1_222' title='bbox 937 2963 1069 3026; x_wconf 91' lang='lat' dir='ltr'>llelenus</span> <span class='ocrx_word' id='word_1_223' title='bbox 1097 2981 1150 3023; x_wconf 89' lang='lat' dir='ltr'>cur</span> <span class='ocrx_word' id='word_1_224' title='bbox 1178 2960 1247 3023; x_wconf 91' lang='lat' dir='ltr'>huic</span> <span class='ocrx_word' id='word_1_225' title='bbox 1270 2965 1390 3043; x_wconf 91' lang='lat' dir='ltr'>potissi·</span> 
     </span>
     <span class='ocr_line' id='line_1_27' title="bbox 243 3047 1389 3145; baseline -0.002 -17"><span class='ocrx_word' id='word_1_226' title='bbox 243 3088 325 3129; x_wconf 87' lang='lat' dir='ltr'>muru</span> <span class='ocrx_word' id='word_1_227' title='bbox 348 3074 529 3128; x_wconf 89' lang='lat' dir='ltr'>monstraret</span> <span class='ocrx_word' id='word_1_228' title='bbox 551 3067 710 3128; x_wconf 87' lang='lat' dir='ltr'>Ausoniam</span> <span class='ocrx_word' id='word_1_229' title='bbox 734 3084 862 3145; x_wconf 76' lang='lat' dir='ltr'>eramque</span> <span class='ocrx_word' id='word_1_230' title='bbox 892 3067 967 3126; x_wconf 92' lang='lat' dir='ltr'>viam</span> <span class='ocrx_word' id='word_1_231' title='bbox 995 3065 1126 3125; x_wconf 87' lang='lat' dir='ltr'>doceret.</span> <span class='ocrx_word' id='word_1_232' title='bbox 1171 3047 1240 3125; x_wconf 76' lang='lat' dir='ltr'>Nec¹</span> <span class='ocrx_word' id='word_1_233' title='bbox 1262 3066 1389 3126; x_wconf 90' lang='lat' dir='ltr'>otiosum</span> 
     </span>
     <span class='ocr_line' id='line_1_28' title="bbox 247 3163 1390 3250; baseline -0.004 -18"><span class='ocrx_word' id='word_1_234' title='bbox 247 3179 311 3232; x_wconf 91' lang='lat' dir='ltr'>evat</span> <span class='ocrx_word' id='word_1_235' title='bbox 332 3169 411 3250; x_wconf 94' lang='lat' dir='ltr'>quod</span> <span class='ocrx_word' id='word_1_236' title='bbox 440 3167 584 3230; x_wconf 78' lang='lat' dir='ltr'>‘classem</span> <span class='ocrx_word' id='word_1_237' title='bbox 608 3168 679 3230; x_wconf 89' lang='lat' dir='ltr'>velis</span> <span class='ocrx_word' id='word_1_238' title='bbox 702 3178 804 3249; x_wconf 89' lang='lat' dir='ltr'>aptare</span> <span class='ocrx_word' id='word_1_239' title='bbox 826 3167 964 3230; x_wconf 87' lang='lat' dir='ltr'>iubebat&#39;</span> <span class='ocrx_word' id='word_1_240' title='bbox 989 3163 1161 3248; x_wconf 79' lang='grc'>(412)1111;</span> <span class='ocrx_word' id='word_1_241' title='bbox 1199 3184 1266 3227; x_wconf 91' lang='lat' dir='ltr'>nam</span> <span class='ocrx_word' id='word_1_242' title='bbox 1290 3169 1341 3244; x_wconf 94' lang='lat' dir='ltr'>qui</span> <span class='ocrx_word' id='word_1_243' title='bbox 1365 3187 1390 3227; x_wconf 91' lang='lat' dir='ltr'>v.</span> 
     </span>
     <span class='ocr_line' id='line_1_29' title="bbox 246 3269 1391 3348; baseline -0.003 -14"><span class='ocrx_word' id='word_1_244' title='bbox 246 3269 307 3334; x_wconf 80' lang='lat'>357</span> <span class='ocrx_word' id='word_1_245' title='bbox 332 3279 419 3332; x_wconf 89' lang='lat' dir='ltr'>vento</span> <span class='ocrx_word' id='word_1_246' title='bbox 442 3272 540 3332; x_wconf 92' lang='lat' dir='ltr'>inllavi</span> <span class='ocrx_word' id='word_1_247' title='bbox 561 3270 670 3332; x_wconf 90' lang='lat' dir='ltr'>dicitur</span> <span class='ocrx_word' id='word_1_248' title='bbox 698 3271 837 3334; x_wconf 87' lang='lat' dir='ltr'>carbasus</span> <span class='ocrx_word' id='word_1_249' title='bbox 863 3271 982 3331; x_wconf 90' lang='lat' dir='ltr'>navium</span> <span class='ocrx_word' id='word_1_250' title='bbox 1011 3286 1216 3348; x_wconf 87' lang='lat' dir='ltr'>quaecumque</span> <span class='ocrx_word' id='word_1_251' title='bbox 1244 3269 1274 3328; x_wconf 91' lang='lat' dir='ltr'>in</span> <span class='ocrx_word' id='word_1_252' title='bbox 1301 3279 1391 3348; x_wconf 90' lang='lat' dir='ltr'>portu</span> 
     </span>
     <span class='ocr_line' id='line_1_30' title="bbox 246 3361 1390 3452; baseline -0.001 -18"><span class='ocrx_word' id='word_1_253' title='bbox 246 3373 429 3435; x_wconf 86' lang='lat' dir='ltr'>vehebantur</span> <span class='ocrx_word' id='word_1_254' title='bbox 452 3371 685 3450; x_wconf 84' lang='lat' dir='ltr'>intellegendus,</span> <span class='ocrx_word' id='word_1_255' title='bbox 718 3392 776 3452; x_wconf 92' lang='lat' dir='ltr'>quo</span> <span class='ocrx_word' id='word_1_256' title='bbox 799 3379 898 3433; x_wconf 89' lang='lat' dir='ltr'>tamen</span> <span class='ocrx_word' id='word_1_257' title='bbox 929 3361 1050 3451; x_wconf 81' lang='lat' dir='ltr'>aspectu</span> <span class='ocrx_word' id='word_1_258' title='bbox 1073 3371 1187 3432; x_wconf 90' lang='lat' dir='ltr'>Aeneas</span> <span class='ocrx_word' id='word_1_259' title='bbox 1214 3377 1247 3431; x_wconf 94' lang='lat' dir='ltr'>ut</span> <span class='ocrx_word' id='word_1_260' title='bbox 1275 3372 1390 3450; x_wconf 90' lang='lat' dir='ltr'>etipse</span> 
     </span>
     <span class='ocr_line' id='line_1_31' title="bbox 248 3469 1044 3555; baseline -0.004 -18"><span class='ocrx_word' id='word_1_261' title='bbox 248 3478 305 3537; x_wconf 90' lang='lat' dir='ltr'>iter</span> <span class='ocrx_word' id='word_1_262' title='bbox 327 3481 447 3555; x_wconf 91' lang='lat' dir='ltr'>pararet</span> <span class='ocrx_word' id='word_1_263' title='bbox 470 3469 694 3537; x_wconf 74' lang='lat' dir='ltr'>admonebatur.</span> <span class='ocrx_word' id='word_1_264' title='bbox 1039 3473 1044 3490; x_wconf 69' lang='lat'>⁸</span> 
     </span>
    </p>

    <p class='ocr_par' dir='ltr' id='par_1_5' title="bbox 245 3573 1394 4474">
     <span class='ocr_line' id='line_1_32' title="bbox 330 3573 1390 3657; baseline -0.003 -18"><span class='ocrx_word' id='word_1_265' title='bbox 330 3577 393 3640; x_wconf 88' lang='lat' dir='ltr'>Alia</span> <span class='ocrx_word' id='word_1_266' title='bbox 416 3595 492 3656; x_wconf 87' lang='lat' dir='ltr'>quae</span> <span class='ocrx_word' id='word_1_267' title='bbox 515 3575 673 3657; x_wconf 88' lang='lat' dir='ltr'>displicent</span> <span class='ocrx_word' id='word_1_268' title='bbox 696 3575 892 3648; x_wconf 58' lang='lat' dir='ltr'>emendando,</span> <span class='ocrx_word' id='word_1_269' title='bbox 911 3576 1016 3638; x_wconf 90' lang='lat' dir='ltr'>tollere</span> <span class='ocrx_word' id='word_1_270' title='bbox 1038 3573 1148 3637; x_wconf 89' lang='lat' dir='ltr'>licebit.</span> <span class='ocrx_word' id='word_1_271' title='bbox 1199 3575 1272 3635; x_wconf 90' lang='lat' dir='ltr'>Nam</span> <span class='ocrx_word' id='word_1_272' title='bbox 1297 3578 1390 3636; x_wconf 89' lang='lat' dir='ltr'>mani·</span> 
     </span>
     <span class='ocr_line' id='line_1_33' title="bbox 248 3676 1391 3760; baseline -0.001 -19"><span class='ocrx_word' id='word_1_273' title='bbox 248 3683 357 3742; x_wconf 89' lang='lat' dir='ltr'>lestum</span> <span class='ocrx_word' id='word_1_274' title='bbox 381 3700 406 3738; x_wconf 93' lang='lat' dir='ltr'>v.</span> <span class='ocrx_word' id='word_1_275' title='bbox 430 3676 494 3740; x_wconf 88' lang='grc'>230</span> <span class='ocrx_word' id='word_1_276' title='bbox 516 3678 807 3759; x_wconf 88' lang='lat' dir='ltr'>interpolameutum,</span> <span class='ocrx_word' id='word_1_277' title='bbox 832 3681 883 3760; x_wconf 93' lang='lat' dir='ltr'>qui</span> <span class='ocrx_word' id='word_1_278' title='bbox 905 3686 938 3739; x_wconf 92' lang='grc'>11</span> <span class='ocrx_word' id='word_1_279' title='bbox 960 3679 1089 3757; x_wconf 93' lang='lat' dir='ltr'>scriptus</span> <span class='ocrx_word' id='word_1_280' title='bbox 1110 3677 1141 3737; x_wconf 93' lang='lat' dir='ltr'>iu</span> <span class='ocrx_word' id='word_1_281' title='bbox 1164 3678 1283 3757; x_wconf 87' lang='lat' dir='ltr'>optimis</span> <span class='ocrx_word' id='word_1_282' title='bbox 1305 3676 1391 3740; x_wconf 90' lang='lat' dir='ltr'>libris</span> 
     </span>
     <span class='ocr_line' id='line_1_34' title="bbox 247 3771 1389 3860; baseline -0.001 -18"><span class='ocrx_word' id='word_1_283' title='bbox 247 3789 326 3843; x_wconf 88' lang='lat' dir='ltr'>extat</span> <span class='ocrx_word' id='word_1_284' title='bbox 348 3799 385 3842; x_wconf 91' lang='lat' dir='ltr'>ne</span> <span class='ocrx_word' id='word_1_285' title='bbox 407 3790 557 3843; x_wconf 90' lang='lat' dir='ltr'>structura</span> <span class='ocrx_word' id='word_1_286' title='bbox 587 3781 704 3860; x_wconf 91' lang='lat' dir='ltr'>quidem</span> <span class='ocrx_word' id='word_1_287' title='bbox 735 3801 801 3843; x_wconf 93' lang='lat' dir='ltr'>cum</span> <span class='ocrx_word' id='word_1_288' title='bbox 831 3771 1077 3842; x_wconf 84' lang='lat' dir='ltr'>antecedentibus</span> <span class='ocrx_word' id='word_1_289' title='bbox 1105 3782 1307 3841; x_wconf 88' lang='lat' dir='ltr'>corrl&#39;ormatus</span> <span class='ocrx_word' id='word_1_290' title='bbox 1335 3789 1389 3841; x_wconf 89' lang='lat' dir='ltr'>est.</span> 
     </span>
     <span class='ocr_line' id='line_1_35' title="bbox 248 3879 1394 3963; baseline 0.001 -18"><span class='ocrx_word' id='word_1_291' title='bbox 248 3885 403 3962; x_wconf 82' lang='lat' dir='ltr'>Languere</span> <span class='ocrx_word' id='word_1_292' title='bbox 426 3883 583 3945; x_wconf 90' lang='lat' dir='ltr'>admodum</span> <span class='ocrx_word' id='word_1_293' title='bbox 618 3879 862 3953; x_wconf 72' lang='grc' dir='ltr'>1111111262ς</span> <span class='ocrx_word' id='word_1_294' title='bbox 898 3885 997 3963; x_wconf 87' lang='lat' dir='ltr'>inepta</span> <span class='ocrx_word' id='word_1_295' title='bbox 1029 3892 1059 3945; x_wconf 92' lang='lat' dir='ltr'>et</span> <span class='ocrx_word' id='word_1_296' title='bbox 1091 3883 1191 3945; x_wconf 89' lang='lat' dir='ltr'>multis</span> <span class='ocrx_word' id='word_1_297' title='bbox 1224 3881 1394 3946; x_wconf 83' lang='lat' dir='ltr'>nonvinibus</span> 
     </span>
     <span class='ocr_line' id='line_1_36' title="bbox 245 3985 1391 4066; baseline -0.001 -20"><span class='ocrx_word' id='word_1_298' title='bbox 245 3994 382 4066; x_wconf 90' lang='lat' dir='ltr'>suspecta</span> <span class='ocrx_word' id='word_1_299' title='bbox 412 4005 478 4048; x_wconf 88' lang='lat' dir='ltr'>esse</span> <span class='ocrx_word' id='word_1_300' title='bbox 505 3985 568 4048; x_wconf 83' lang='lat'>690</span> <span class='ocrx_word' id='word_1_301' title='bbox 595 4004 639 4065; x_wconf 91' lang='lat' dir='ltr'>sq.</span> <span class='ocrx_word' id='word_1_302' title='bbox 669 3988 741 4047; x_wconf 90' lang='lat' dir='ltr'>satis</span> <span class='ocrx_word' id='word_1_303' title='bbox 767 3986 981 4047; x_wconf 89' lang='lat' dir='ltr'>demonstravit</span> <span class='ocrx_word' id='word_1_304' title='bbox 1009 3986 1184 4064; x_wconf 86' lang='lat' dir='ltr'>Wagncrus.</span> <span class='ocrx_word' id='word_1_305' title='bbox 1236 3987 1391 4046; x_wconf 84' lang='lat' dir='ltr'>Consentit</span> 
     </span>
     <span class='ocr_line' id='line_1_37' title="bbox 245 4082 1389 4169; baseline -0.001 -21"><span class='ocrx_word' id='word_1_306' title='bbox 245 4107 313 4149; x_wconf 90' lang='lat' dir='ltr'>cum</span> <span class='ocrx_word' id='word_1_307' title='bbox 336 4088 393 4149; x_wconf 91' lang='lat' dir='ltr'>hoc</span> <span class='ocrx_word' id='word_1_308' title='bbox 414 4088 629 4169; x_wconf 84' lang='lat' dir='ltr'>Peerlkampus</span> <span class='ocrx_word' id='word_1_309' title='bbox 651 4088 688 4149; x_wconf 91' lang='lat' dir='ltr'>de</span> <span class='ocrx_word' id='word_1_310' title='bbox 712 4087 941 4168; x_wconf 91' lang='lat' dir='ltr'>transponendis</span> <span class='ocrx_word' id='word_1_311' title='bbox 964 4095 1032 4149; x_wconf 90' lang='lat' dir='ltr'>ante</span> <span class='ocrx_word' id='word_1_312' title='bbox 1055 4108 1080 4148; x_wconf 91' lang='lat' dir='ltr'>v.</span> <span class='ocrx_word' id='word_1_313' title='bbox 1109 4082 1273 4148; x_wconf 85' lang='grc'>124-127</span> <span class='ocrx_word' id='word_1_314' title='bbox 1297 4089 1389 4146; x_wconf 89' lang='lat' dir='ltr'>versi·</span> 
     </span>
     <span class='ocr_line' id='line_1_38' title="bbox 245 4187 1392 4270; baseline -0.003 -18"><span class='ocrx_word' id='word_1_315' title='bbox 245 4189 301 4252; x_wconf 93' lang='lat' dir='ltr'>bus</span> <span class='ocrx_word' id='word_1_316' title='bbox 318 4187 378 4252; x_wconf 88' lang='grc'>128</span> <span class='ocrx_word' id='word_1_317' title='bbox 393 4209 449 4269; x_wconf 87' lang='lat' dir='ltr'>sq,</span> <span class='ocrx_word' id='word_1_318' title='bbox 474 4199 503 4251; x_wconf 94' lang='grc'>11</span> <span class='ocrx_word' id='word_1_319' title='bbox 518 4193 602 4252; x_wconf 90' lang='lat' dir='ltr'>initio</span> <span class='ocrx_word' id='word_1_320' title='bbox 625 4191 820 4270; x_wconf 84' lang='lat' dir='ltr'>navigationis</span> <span class='ocrx_word' id='word_1_321' title='bbox 842 4189 1003 4252; x_wconf 85' lang='lat' dir='ltr'>clamorem</span> <span class='ocrx_word' id='word_1_322' title='bbox 1026 4191 1137 4250; x_wconf 89' lang='lat' dir='ltr'>exoriri</span> <span class='ocrx_word' id='word_1_323' title='bbox 1159 4189 1311 4250; x_wconf 89' lang='lat' dir='ltr'>nauticum</span> <span class='ocrx_word' id='word_1_324' title='bbox 1327 4189 1392 4264; x_wconf 92' lang='lat' dir='ltr'>qui·</span> 
     </span>
     <span class='ocr_line' id='line_1_39' title="bbox 246 4290 1394 4368; baseline -0.003 -16"><span class='ocrx_word' id='word_1_325' title='bbox 246 4295 289 4354; x_wconf 91' lang='lat' dir='ltr'>vis</span> <span class='ocrx_word' id='word_1_326' title='bbox 316 4293 471 4354; x_wconf 89' lang='lat' dir='ltr'>concedet.</span> <span class='ocrx_word' id='word_1_327' title='bbox 518 4294 665 4354; x_wconf 85' lang='lat' dir='ltr'>hillerunt</span> <span class='ocrx_word' id='word_1_328' title='bbox 693 4293 729 4354; x_wconf 93' lang='lat' dir='ltr'>de</span> <span class='ocrx_word' id='word_1_329' title='bbox 759 4291 823 4353; x_wconf 89' lang='lat' dir='ltr'>solo</span> <span class='ocrx_word' id='word_1_330' title='bbox 852 4311 876 4352; x_wconf 92' lang='grc'>1.</span> <span class='ocrx_word' id='word_1_331' title='bbox 908 4291 970 4354; x_wconf 83' lang='grc'>130</span> <span class='ocrx_word' id='word_1_332' title='bbox 998 4290 1184 4360; x_wconf 88' lang='lat' dir='ltr'>collocando,</span> <span class='ocrx_word' id='word_1_333' title='bbox 1220 4307 1308 4368; x_wconf 92' lang='lat' dir='ltr'>quem</span> <span class='ocrx_word' id='word_1_334' title='bbox 1337 4307 1394 4368; x_wconf 83' lang='lat' dir='ltr'>ogo</span> 
     </span>
     <span class='ocr_line' id='line_1_40' title="bbox 247 4391 1392 4474; baseline -0.004 -17"><span class='ocrx_word' id='word_1_335' title='bbox 247 4394 338 4458; x_wconf 93' lang='lat' dir='ltr'>malui</span> <span class='ocrx_word' id='word_1_336' title='bbox 360 4412 427 4456; x_wconf 92' lang='lat' dir='ltr'>cum</span> <span class='ocrx_word' id='word_1_337' title='bbox 451 4396 559 4458; x_wconf 87' lang='lat' dir='ltr'>Batavo</span> <span class='ocrx_word' id='word_1_338' title='bbox 582 4413 637 4457; x_wconf 90' lang='lat' dir='ltr'>suo</span> <span class='ocrx_word' id='word_1_339' title='bbox 667 4393 732 4456; x_wconf 91' lang='lat' dir='ltr'>loco</span> <span class='ocrx_word' id='word_1_340' title='bbox 761 4403 829 4456; x_wconf 90' lang='lat' dir='ltr'>ante</span> <span class='ocrx_word' id='word_1_341' title='bbox 852 4411 877 4454; x_wconf 94' lang='grc'>1.</span> <span class='ocrx_word' id='word_1_342' title='bbox 904 4391 963 4456; x_wconf 91' lang='grc'>131</span> <span class='ocrx_word' id='word_1_343' title='bbox 990 4393 1175 4474; x_wconf 87' lang='lat' dir='ltr'>relinquere,</span> <span class='ocrx_word' id='word_1_344' title='bbox 1205 4393 1272 4471; x_wconf 91' lang='lat' dir='ltr'>quia</span> <span class='ocrx_word' id='word_1_345' title='bbox 1301 4393 1392 4452; x_wconf 84' lang='lat' dir='ltr'>trium</span> 
     </span>
    </p>
   </div>
   <div class='ocr_carea' id='block_1_3' title="bbox 0 0 1526 4912">
    <p class='ocr_par' dir='ltr' id='par_1_6' title="bbox 0 0 1526 4912">
     <span class='ocr_line' id='line_1_41' title="bbox 0 0 1526 4912; baseline 0 0"><span class='ocrx_word' id='word_1_346' title='bbox 0 0 1526 4912; x_wconf 95' lang='lat' dir='ltr'> </span> 
     </span>
    </p>
   </div>
  </div>
 </body>
</html>
