2962 4904
253 343 296 410 34
701 345 943 412 euousuounus.

253 534 311 604 dis,
348 529 380 595 ut
407 534 535 595 hominis
564 534 731 616 exemplum
763 544 906 614 sequatur
934 537 1081 616 pecudum
1110 537 1242 606 turbam,
1282 557 1398 599 suerum

252 637 342 697 sentit
365 637 495 698 Batavus
519 638 727 716 sagacissimus
755 657 783 718 p.
806 634 878 699 382.

340 740 451 812 Quarti
470 739 539 801 libri
562 741 646 800 initio
669 739 740 801 iude
763 759 778 801 a
803 757 828 800 v.
853 737 957 802 8-tt
981 742 1154 821 exponitur,
1182 743 1212 802 iu
1242 742 1313 802 sede
1336 743 1399 822 api·

253 839 310 902 bris
333 840 467 919 eligenda
491 860 565 920 quae
588 843 686 903 caveri
708 841 846 910 debeant,
875 849 938 903 tum
963 839 1108 920 (ts—32)
1132 859 1208 920 quae
1232 844 1398 924 expetenda

251 945 319 1012 sint,
344 951 412 1023 post
435 940 581 1022 (33-46)
605 943 642 1004 de
664 943 856 1005 aedificandis
877 943 1021 1005 alveariis.
1067 943 1152 1006 Unde
1168 954 1399 1007 consentaneum

227 1037 304 1113 ‘est
329 1063 404 1123 quae
428 1064 506 1106 ntrnc
530 1045 670 1122 leguntur
693 1065 718 1105 v.
733 1043 861 1107 47-50
882 1045 920 1106 de
942 1046 1046 1126 procul
1069 1045 1205 1108 habendo
1229 1049 1290 1108 aeri
1306 1047 1400 1108 odore

233 1146 296 1232 vvel
320 1166 394 1207 sono
416 1148 529 1208 rectius
550 1165 640 1226 supra
665 1155 731 1226 post
753 1155 857 1208 ventos
881 1155 910 1207 et
939 1149 1057 1226 pecoris
1079 1165 1174 1225 gertus
1194 1167 1283 1211 omne
1305 1167 1401 1228 usque

251 1249 288 1308 ad
314 1267 340 1308 v.
366 1247 404 1310 17
428 1257 633 1310 enumeratum
663 1249 824 1310 adferenda
852 1249 953 1310 luisse.
1006 1249 1090 1320 Quod
1121 1251 1208 1311 etiam
1239 1249 1399 1311 verborum

252 1349 380 1426 quadam
405 1352 606 1412 concinnitate
629 1349 751 1429 probari
774 1350 905 1411 uidetur:
934 1369 1001 1412 uam
1031 1359 1063 1412 ut
1091 1355 1225 1432 opposita
1249 1351 1307 1412 sibi
1330 1360 1402 1413 sum

253 1453 352 1513 obsim
375 1471 400 1511 s.
428 1450 467 1513 13
491 1459 520 1513 et
543 1460 597 1512 ot.
615 1497 622 1511 .
640 1455 766 1514 ,adsint
788 1470 812 1512 v.
840 1449 878 1512 18
902 1469 962 1530 sq,
991 1454 1030 1513 lta
1053 1453 1088 1514 ad
1112 1453 1200 1514 illud:
1232 1453 1349 1514 ‘obsint
1371 1461 1399 1513 et

258 1556 328 1632 picti
352 1551 516 1631 squalentia
547 1562 627 1631 terga
658 1552 758 1614 lacerti
782 1555 951 1630 pinquibus
972 1569 992 1612 α
1014 1557 1154 1615 stabulis'
1177 1553 1228 1633 (13
1250 1555 1305 1634 sq.)
1334 1563 1403 1634 epte

252 1655 425 1733 adiungitur
448 1661 525 1716 ‘neu
542 1659 671 1732 propius
692 1659 776 1716 tectis
799 1663 897 1716 taxum
920 1659 1000 1715 sine’
1018 1653 1095 1735 (tte
1120 1655 1280 1717 bisantem
1305 1655 1400 1716 ‘altae

251 1775 309 1816 neu
332 1756 421 1816 crede
444 1757 563 1836 paludi’
587 1775 612 1816 v.
636 1753 678 1816 48
701 1758 848 1817 eorttraria
872 1763 940 1817 sunt
962 1775 988 1816 v.
1015 1753 1053 1818 18
1076 1777 1119 1836 sq.
1143 1761 1190 1818 ‘at
1213 1756 1316 1837 liquidi
1332 1758 1399 1818 iou·

250 1866 296 1917 tes
319 1867 348 1918 et
370 1869 474 1937 stagna
499 1860 621 1919 virentia
646 1876 748 1918 musco
771 1857 868 1918 adsint
891 1866 920 1917 et
943 1859 1040 1919 tenuis
1062 1860 1181 1936 fugiens
1196 1877 1250 1938 per
1265 1860 1399 1936 gramina

251 1961 352 2028 rivcs’‚
377 1979 469 2040 porro
492 1979 547 2040 pro
570 1968 654 2036 toxo,
679 1959 756 2037 quod
773 1979 798 2020 e.
815 1956 856 2020 47
873 1961 975 2021 obesse
996 1979 1016 2019 n
1038 1963 1122 2020 tectis
1143 1959 1272 2030 iubetur,
1292 1962 1400 2036 pulmo

253 2072 282 2122 et
304 2066 432 2122 oleaster
454 2079 530 2140 quae
553 2063 723 2122 inumbrent
744 2063 916 2122 vestibulum
940 2080 966 2121 s.
989 2057 1032 2121 20
1053 2061 1315 2128 commendantur:
1347 2061 1399 2123 de·

252 2165 344 2241 nique
375 2166 463 2224 vitato
493 2165 577 2224 caeni
606 2162 698 2224 odore
723 2162 759 2243 (s.
783 2159 835 2240 49)
864 2164 980 2223 ‘casiae
1009 2163 1117 2224 virides
1147 2173 1176 2224 et
1204 2162 1314 2224 olentia
1342 2164 1400 2226 late

252 2263 382 2344 serpullo
406 2273 435 2325 et
457 2267 585 2342 graviter
607 2266 749 2345 spirantis
772 2265 856 2345 copia
879 2264 1036 2346 thymbrae
1060 2273 1089 2324 et
1111 2264 1248 2326 violaria'
1273 2283 1296 2324 s.
1315 2262 1399 2326 30-

250 2363 292 2426 32
315 2374 346 2426 ut
368 2365 506 2427 salutaria
528 2365 693 2427 laudantur.
745 2365 781 2426 Et
804 2353 879 2426 cum'
901 2364 947 2426 bis
975 2366 1107 2426 rationes
1136 2366 1276 2445 quasdam
1307 2368 1400 2428 iuter·

250 2467 359 2528 cedere
388 2467 521 2528 versibus
549 2465 678 2528 cit—50
706 2469 858 2547 perspexit
886 2467 1071 2528 Scluaderus
1099 2483 1234 2545 quoque.
1267 2469 1317 2546 qui
1346 2487 1399 2529 eos

249 2576 317 2649 post
339 2571 437 2649 ipsum
459 2587 484 2629 v.
503 2565 544 2630 32
567 2569 705 2630 collocari
728 2567 830 2629 voluit.
875 2569 911 2628 tt
933 2571 957 2630 si
980 2567 1161 2629 Columellas
1185 2569 1224 2630 tx
1245 2567 1266 2628 5
1290 2569 1398 2630 ordine

249 2679 408 2751 praecepta
437 2690 490 2732 sua
517 2689 620 2733 serere
655 2669 796 2730 uoluisset
828 2679 934 2750 poeta,
969 2670 1073 2731 saltem
1108 2670 1236 2731 debebat
1270 2672 1397 2732 lortinre

250 2790 336 2850 quam
360 2775 454 2832 ‘nott’
477 2772 623 2853 particula
647 2771 816 2852 periculosa
839 2769 1002 2832 salutiferis
1024 2790 1186 2852 opponere.

335 2875 432 2954 blious
470 2874 626 2936 commode
663 2875 755 2934 inseri
792 2881 920 2952 possunt
956 2892 1032 2952 quae
1070 2873 1119 2934 ubi
1163 2891 1250 2953 apum
1289 2881 1397 2936 nature

249 2973 430 3036 describitur
459 2994 517 3036 non
548 2995 603 3038 suo
635 2975 700 3037 loco
734 2977 829 3054 posita
866 2994 932 3042 esse
964 2974 1096 3036 eiusdem
1131 2974 1289 3036 Schraderi
1325 2994 1396 3036 actr-

250 3097 317 3139 mcu
343 3077 422 3136 vidit.
474 3077 547 3138 Nam
575 3085 734 3157 postquam
757 3097 782 3137 v.
810 3073 977 3138 tet-196
1005 3083 1157 3139 narratum
1189 3085 1248 3143 est,
1288 3076 1398 3153 quibus

249 3179 373 3240 caruelis
397 3179 577 3259 inpendente
599 3179 698 3259 pluvia
723 3187 857 3249 utantur,
887 3180 1040 3256 sequentia
1070 3180 1101 3239 in
1134 3177 1265 3239 mirabili
1293 3197 1396 3240 earum

250 3281 364 3361 pridem
408 3301 443 3340 ex
482 3283 555 3361 ipsis
594 3280 715 3341 lloribus
755 3279 915 3358 herbisque
959 3279 1117 3362 colligendi
1157 3281 1397 3360 procreandique

251 3384 367 3443 relicuo
401 3391 565 3442 versantur.
627 3380 696 3441 lude
730 3389 759 3440 et
792 3399 892 3458 regem
931 3390 961 3440 ot
992 3383 1085 3451 cives,
1120 3382 1190 3442 iude
1224 3390 1255 3441 ot
1288 3380 1395 3443 (lomus

250 3492 278 3543 ct
307 3501 398 3560 regna
428 3489 534 3562 sponte
564 3485 635 3544 oriri
665 3478 862 3562 (tet—202).
917 3484 981 3555 Quo
1010 3484 1074 3544 ticri
1108 3491 1141 3543 ut
1174 3485 1307 3563 quamvis
1334 3486 1396 3544 sin·

178 3597 182 3607 ‘
248 3585 334 3664 grtiae
357 3587 462 3662 exigua
490 3587 548 3646 vita
577 3586 730 3655 leuantur,
764 3603 858 3664 genus
886 3593 983 3645 tamen
1013 3585 1050 3646 sit
1078 3584 1246 3646 immortale
1280 3581 1396 3664 (206-

248 3683 330 3763 209).
368 3687 479 3764 Regem
503 3705 573 3748 vcro
596 3705 712 3748 summa
735 3689 844 3768 pietate
868 3687 939 3746 coli:
964 3705 999 3748 eo
1022 3686 1102 3747 salvo
1124 3685 1234 3749 salvam
1249 3703 1315 3746 esse
1331 3706 1404 3758 rem,

251 3786 411 3865 qtttblicam,
436 3790 545 3850 amisso
567 3787 627 3849 labi
649 3790 748 3850 omnia
772 3796 802 3849 et
823 3807 934 3868 susque
957 3787 1054 3865 deque
1075 3788 1178 3850 haberi
1196 3786 1395 3869 (tto-215),

250 3908 285 3948 eo
308 3889 429 3950 iubente
452 3892 545 3970 ipsam
570 3897 697 3952 mortem
719 3892 837 3951 lortiter
859 3888 989 3950 tolerari.
1035 3890 1092 3950 Sed
1117 3892 1307 3969 interpositos
1330 3909 1396 3950 ver·

248 4011 299 4051 sus
320 3987 490 4054 roo-*205
512 3992 549 4052 de
572 3991 743 4053 discrimine
767 3994 852 4061 vitae,
877 3991 955 4068 quod
978 3996 1098 4054 ‘amore
1121 3992 1228 4053 llorum
1252 4002 1282 4052 et
1303 4009 1394 4070 geue·

250 4092 336 4153 randi
364 4092 459 4172 gloria
488 4091 604 4153 mellis'
633 4095 773 4154 incensae
801 4093 941 4162 subeant,
970 4094 1094 4156 luerunt
1116 4095 1235 4172 quidem
1264 4095 1315 4174 qui
1338 4093 1395 4154 boc

249 4197 464 4256 sententiarum
487 4213 565 4255 nexu
589 4198 742 4276 proposito
770 4215 837 4257 oum
861 4197 964 4256 ricinis
992 4196 1199 4257 conciliarent:
1233 4195 1396 4274 ‘colligunt

249 4313 319 4374 apes
341 4297 462 4372 generis
484 4297 734 4358 immortalitatem
759 4317 794 4358 ex
818 4296 953 4366 floribus,
977 4300 1025 4358 cui
1048 4307 1129 4359 tauto
1152 4297 1250 4358 studio
1272 4315 1394 4376 operam

248 4393 327 4463 dant,
352 4406 384 4455 ut
406 4415 443 4458 ne
465 4397 568 4458 ultima
591 4399 710 4475 quidem
734 4399 866 4477 pericula
889 4399 1085 4460 detracteut’.
1117 4400 1179 4460 Nec
1201 4400 1324 4460 omnino
1340 4399 1395 4460 du·
