2962 4904
542 360 784 408 epotationum.

538 835 672 912 Oneur
700 837 788 911 IIII.

293 1001 356 1082 De
387 999 768 1109 interpolationibus
803 999 1030 1109 georgicon.

172 1355 269 1430 Atque
291 1349 347 1412 alia
371 1366 488 1432 qaoque
511 1349 673 1412 cavendum
697 1368 734 1411 ne
757 1357 862 1431 poetae
884 1367 1007 1410 manum
1028 1347 1138 1409 habeas
1160 1365 1235 1426 quac

85 1455 159 1515 lusit
173 1456 395 1530 interpolator.
439 1451 504 1513 h'on
527 1451 594 1514 dico
616 1450 696 1512 illam
725 1451 762 1512 ad
785 1451 797 1513 Ι
817 1448 880 1514 299
907 1451 1059 1532 parodiam
1086 1450 1235 1511 obtrecta·
1355 1509 1356 1514 ,

86 1557 172 1626 toris,
197 1571 274 1634 quae
295 1555 325 1615 in
351 1563 468 1615 nostros
484 1551 577 1614 libros
593 1572 651 1615 non
669 1556 793 1615 transiit.
824 1554 1025 1634 Nympharum
1041 1570 1160 1634 quoque
1183 1572 1235 1613 no-

88 1660 171 1718 mina
187 1656 242 1717 llll
257 1653 330 1726 338,
348 1672 424 1733 quae
440 1673 476 1715 ex
491 1661 564 1718 Aen.
582 1656 604 1715 V
619 1651 682 1717 826
697 1656 885 1736 irrepserunt
899 1658 930 1716 in
954 1655 1117 1717 deteriores
1132 1653 1234 1722 libros,

88 1760 200 1820 doeunt
221 1760 250 1819 in
275 1759 365 1819 MPB
387 1775 442 1818 neo
464 1776 480 1818 a
504 1757 606 1818 Servio
630 1756 814 1836 legebantur.
860 1756 918 1819 Sed
940 1759 971 1817 in
995 1757 1108 1837 Orphei
1136 1755 1236 1818 tabula

90 1869 158 1942 post
181 1859 235 1922 llll
257 1855 321 1921 472
344 1867 456 1920 temere
479 1859 597 1938 repetiti
621 1877 656 1920 ax
671 1858 810 1921 Aeneidis
831 1859 979 1920 Vlversus
995 1856 1066 1920 311.
1084 1854 1157 1920 310.
1174 1854 1236 1918 312

91 1967 121 2024 in
152 1961 255 2024 codice
282 1961 426 2022 Romano.
481 1961 542 2022 Nec
569 1962 735 2041 suspicione
763 1969 846 2022 caret
876 1963 960 2022 cuius
991 1959 1172 2021 simillimum
1206 1959 1236 2018 in

90 2069 164 2126 Aen.
189 2064 225 2124 vt
248 2060 310 2124 783
333 2061 501 2142 exemplum
525 2060 603 2123 redit
624 2063 748 2148 secundi
776 2061 845 2123 libri
868 2081 894 2124 v.
917 2058 994 2132 535,
1023 2080 1112 2142 quem
1134 2058 1235 2121 Peerl-

91 2165 219 2245 lrampus
241 2164 260 2225 l.
283 2162 303 2226 l.
326 2184 355 2243 p.
381 2161 441 2225 162
464 2171 494 2224 et
508 2160 572 2226 380
594 2163 639 2224 vel
662 2163 829 2227 eiciendum
851 2162 897 2226 vel
920 2171 988 2226 ante
1002 2160 1067 2226 534
1088 2162 1236 2223 collocan-

92 2267 163 2328 dum
196 2274 306 2327 censet.
358 2265 448 2326 Deest
474 2267 504 2326 iu
533 2265 666 2327 Mediceo
695 2268 798 2328 saltem
827 2276 856 2328 et
883 2268 914 2328 in
941 2264 1061 2328 scholiis
1089 2265 1238 2327 Servianis

93 2389 149 2431 nce
171 2368 209 2430 ab
231 2367 292 2428 ullo
314 2368 462 2447 scriptore
491 2377 592 2430 vetere
621 2375 873 2431 commemoratur
899 2387 1002 2430 versus
1023 2367 1050 2428 11
1071 2364 1149 2437 433,
1180 2383 1237 2444 quo

93 2473 147 2532 PR
161 2470 310 2548 inquinati
331 2479 410 2539 sunt,
435 2478 534 2531 tamen
556 2477 589 2531 ut
611 2469 849 2550 interpolationis
871 2469 1014 2532 indicium
1036 2468 1156 2547 aliquod
1179 2469 1237 2529 llo·

93 2591 199 2634 manus
232 2589 349 2652 quoque
378 2572 496 2633 inverso
524 2571 767 2634 antecedentium
796 2591 934 2635 versuum
961 2569 1024 2635 431
1053 2559 1100 2650 sq.
1134 2569 1238 2632 ordine

94 2674 265 2735 servaverit.
310 2671 482 2736 Absurdum
505 2675 585 2736 enirn
616 2683 662 2736 est
684 2692 830 2754 quaerere
865 2679 913 2736 ‘et
940 2674 1077 2736 dubitant
1103 2672 1240 2733 homines

96 2824 152 2839 ...
176 2775 343 2857 inpendere
367 2778 523 2847 curamt’,
553 2776 603 2837 uhi
625 2777 873 2840 commendantur
896 2783 972 2856 quae
995 2779 1060 2838 sinc
1083 2777 1164 2836 omni
1186 2774 1239 2834 ho·

94 2881 208 2940 minum
232 2878 356 2952 cultura,
382 2877 433 2938 ubi
457 2876 549 2939 semel
572 2888 632 2940 sata
656 2889 739 2950 sunt,
768 2887 889 2960 sponte,
919 2885 996 2940 ‘non
1020 2879 1123 2940 rastris
1145 2877 1240 2937 homi·

96 2999 176 3050 num,
200 2978 335 3041 nonulli
359 2979 487 3042 obnoxia
510 2986 615 3042 curae’
640 2989 789 3044 crescunt.
819 2981 978 3044 Adhortari
1001 2990 1099 3043 autem
1123 2987 1156 3040 ut
1170 2978 1239 3040 talia

93 3084 281 3164 potissimum
304 3089 407 3144 serant
428 3082 580 3162 ,agricolas
608 3091 725 3164 poetam
758 3090 889 3147 extrema
918 3085 1038 3146 demum
1065 3082 1154 3144 huius
1182 3080 1240 3142 loci

95 3183 334 3265 partedecehat
366 3182 417 3244 ubi
441 3192 539 3247 tamen
562 3185 734 3266 pulchriora
757 3189 856 3265 posuit
878 3205 904 3248 v.
926 3184 991 3249 454
1018 3185 1105 3265 ‘quid
1128 3202 1239 3245 memo-

96 3288 223 3348 randum
248 3303 341 3364 aeque
365 3286 510 3348 Baccheia
539 3288 617 3349 dona
640 3286 807 3350 tuleruntt’
832 3309 857 3351 e.
883 3307 911 3367 q.
935 3309 960 3350 s.
1005 3289 1186 3367 Quamquam
1211 3294 1241 3347 et

96 3388 309 3469 Peerlkampus
330 3408 360 3468 p.
387 3385 448 3450 154
470 3397 500 3450 ct
522 3390 670 3452 llanovius
698 3390 799 3454 sched.
830 3393 895 3454 crit.
919 3410 948 3472 p.
974 3390 1014 3453 10
1042 3393 1163 3453 omnino
1192 3409 1240 3451 rc·

96 3493 294 3571 pudiaveront
314 3511 358 3551 vv.
382 3488 568 3562 tat-457,
605 3509 678 3571 quos
713 3500 811 3555 tamen
845 3496 974 3575 scriptos
1006 3515 1022 3557 a
1056 3502 1143 3574 poeta
1176 3511 1241 3553 esse

95 3593 193 3655 nullus
216 3593 328 3654 dubito.
378 3594 450 3656 Nam
473 3594 573 3657 studet
594 3603 682 3677 poeta
705 3595 846 3658 arborum
870 3597 1015 3659 culturam
1038 3616 1109 3678 prae
1133 3598 1241 3657 vinetis

95 3695 290 3778 popularibus
312 3696 536 3760 commendare:
569 3719 604 3759 eo
636 3699 760 3761 consilio
788 3701 936 3780 queritur,
966 3700 1106 3762 curandis
1133 3699 1242 3759 ritihus

99 3817 259 3877 numquam
283 3801 354 3861 satis
376 3798 488 3862 laboris
511 3819 599 3882 posse
621 3802 744 3882 inpendi
767 3803 803 3882 (v.
827 3800 889 3865 397
912 3804 987 3884 sqq.)
1017 3820 1072 3863 nec
1100 3819 1240 3880 umquam

97 3910 190 3963 toturn
213 3921 267 3983 per
291 3921 401 3965 annum
423 3905 521 3975 finiri,
546 3911 575 3966 et
596 3906 655 3966 iam
678 3907 801 3988 maturis
830 3907 892 3966 uvis
921 3904 1113 3966 metuendum
1143 3903 1240 3963 lovem

98 4005 136 4082 (v.
158 4002 248 4081 419);
281 4013 383 4068 contra
407 4015 436 4068 et
458 4005 539 4069 oleas
562 4015 591 4068 et
617 4026 705 4088 poma
734 4015 764 4068 et
786 4027 891 4070 nemus
920 4026 1007 4069 omne
1029 4009 1095 4087 ipso
1119 4014 1242 4066 naturae

99 4106 241 4168 heneficio
264 4108 330 4169 coli.
360 4109 397 4169 Vt
418 4111 508 4188 igitur
529 4128 556 4172 v.
579 4106 643 4172 425
665 4109 771 4172 suadet
793 4112 868 4173 ‘hoc
890 4113 1040 4190 pinguem'
1054 4117 1084 4170 et
1104 4109 1241 4190 placitam

98 4208 164 4268 Paci
193 4211 322 4272 nutritor
344 4210 478 4282 olivam’‚
507 4214 547 4273 ita
576 4221 744 4275 ceterarum
773 4233 891 4294 quoque
919 4213 1060 4275 arborum
1088 4212 1182 4291 pretia
1213 4212 1242 4269 in

98 4311 155 4370 tine
178 4313 270 4372 totius
292 4315 397 4393 capitis
420 4313 521 4374 extolli
545 4323 777 4378 consentaneum
801 4325 856 4378 cst.
898 4317 959 4378 Nce
988 4315 1150 4378 verendam
1180 4320 1242 4372 crat

100 4431 135 4473 ue
158 4412 206 4473 dei
230 4432 338 4476 numen
363 4416 471 4477 violare
496 4417 655 4486 vitleretur.
680 4420 704 4479 si
728 4419 893 4498 periculosa
917 4437 982 4480 esse
1000 4415 1142 4478 Baccheia
1161 4414 1273 4474 'dona-

149 4529 285 4578 κηποι,
305 4533 463 4572 raoaaoou.
1019 4519 1040 4581 l
