2962 4904
253 329 290 374 vl
735 331 919 374 PRAEFATIO.

340 496 393 559 Ad
416 495 561 580 prolegg.
590 518 621 580 p.
652 496 708 560 99:
753 493 1007 560 Antibncolicon
1036 494 1162 559 auctori
1190 517 1307 559 nomen
1337 499 1399 559 Nu-

254 603 389 661 mitorius
416 596 519 661 fuisse
542 596 697 679 Hagenus
726 620 854 683 quoquc
882 596 1082 680 suspicatur:
1111 617 1188 658 nam
1211 605 1243 660 et
1264 597 1298 659 in
1321 597 1400 660 Ber·

255 698 348 762 nensi
376 697 459 762 libro
488 705 688 782 nominatoria
715 699 860 784 (punctis
883 719 926 760 m.
949 697 985 776 2,
1015 695 1074 760 sed
1101 718 1186 760 saec.
1210 696 1244 760 X
1267 697 1398 783 positis)

256 809 370 864 extare
393 808 425 863 et
447 796 526 864 illud
548 800 656 885 ipsum
678 821 796 863 nomen
817 798 851 863 in
874 797 1079 882 sangallensi
1100 797 1279 883 archetypo
1303 798 1400 862 certis

256 899 452 984 quibusdam
484 899 525 964 de
551 900 659 964 causis
691 899 795 965 videri
823 900 982 984 scriptum
1009 900 1124 964 fuisse.
1168 899 1345 964 Praeterea
1367 900 1400 962 in

256 999 433 1064 Pithoeano
449 1023 534 1065 saec.
551 1001 619 1082 IX,
643 1002 735 1066 cuius
758 1001 868 1064 varias
890 998 1044 1065 lectiones
1064 1000 1250 1086 nuperrime
1265 999 1399 1064 Woelff-
1433 1062 1439 1067 .

257 1100 343 1164 linus
372 1101 405 1163 in
432 1100 549 1165 Philol.
573 1101 694 1166 XXIV
721 1101 779 1166 153
802 1123 874 1186 sqq.
903 1124 945 1165 ex
972 1101 1101 1166 schedis
1128 1100 1290 1165 Ludovici
1312 1100 1399 1164 Roth

257 1201 362 1268 edidit
384 1209 596 1268 nominatoria
617 1211 722 1281 extat,
746 1200 833 1287 quod
856 1202 927 1288 ipse
949 1224 1077 1289 quoque
1094 1205 1281 1266 Numitorius
1300 1202 1399 1268 inter-

257 1311 405 1388 pretatus
428 1313 487 1366 est.
574 1301 628 1367 Ad
650 1301 794 1389 prolegg.
818 1325 850 1388 p.
869 1303 925 1366 101
951 1303 1047 1366 docte
1070 1313 1103 1368 et
1123 1311 1219 1366 acute
1241 1302 1400 1386 Hagenus

257 1404 338 1468 haec
361 1401 545 1485 adnotavit,
576 1425 659 1489 quae
682 1414 718 1469 ut
739 1404 794 1468 hic
815 1404 994 1468 insererem
1022 1400 1203 1468 liberaliter
1234 1404 1397 1489 permisit:

342 1503 483 1570 ‘Scholii
505 1504 678 1568 Beruensis
702 1503 745 1568 ad
768 1504 828 1568 ecl.
846 1504 908 1586 VI,
923 1507 960 1568 17
986 1507 1203 1588 [vastiorem
1227 1502 1400 1589 allegorice

257 1606 390 1692 qnidam
405 1603 520 1670 uolunt
537 1611 673 1670 Hieriom
696 1608 804 1685 (ierom
815 1606 857 1691 B)
880 1602 1018 1689 intelligi
1041 1605 1118 1688 (om.
1130 1606 1170 1686 B,
1189 1605 1399 1692 suppleuit)

256 1706 456 1770 Maecenatis
473 1704 635 1786 ancillam,
658 1728 742 1791 quae
758 1706 876 1771 dicitur
890 1706 1006 1770 niuosa
1028 1707 1214 1790 (ingeniosa
1227 1707 1271 1791 B)
1287 1707 1399 1788 fuisso,

258 1805 392 1893 quidam
408 1807 487 1871 Vari
510 1807 613 1890 (uerri
629 1807 671 1890 B)
694 1807 860 1889 amicam]’
883 1809 1041 1870 inmemor
1062 1818 1134 1873 erat
1155 1807 1305 1872 Ribbeck
1328 1830 1400 1871 curn

257 1906 352 1993 proll.
386 1930 418 1993 p.
451 1907 509 1970 101
545 1905 686 1971 Plotiam
716 1914 870 1972 Galerium
904 1907 1078 1991 legendum
1113 1931 1184 1972 esse
1218 1908 1402 1974 coniciebat

258 2031 394 2094 eamque
409 2009 447 2073 L.
460 2007 554 2072 Varii
575 2028 712 2072 uxorem
734 2009 837 2072 fuisse
859 1998 1099 2093 suspicabatur.
1143 2008 1189 2074 Id.
1205 2009 1291 2073 enim
1313 2009 1401 2072 haud

260 2110 358 2174 dubie
381 2118 468 2174 recte
490 2108 588 2190 vidit,
612 2131 681 2172 rem
704 2110 746 2173 ad
769 2109 827 2174 ecl.
844 2109 913 2190 ΙΙΙ,
935 2110 978 2173 20
999 2131 1019 2173 a
1039 2110 1154 2174 Seruio
1176 2108 1338 2195 prolatam
1361 2108 1402 2174 de

259 2212 340 2276 Vari
361 2209 603 2294 tragoediarum
626 2209 794 2295 scriptoris
815 2232 918 2275 uxore
934 2210 1038 2297 deque
1053 2208 1213 2276 adulterio
1228 2213 1402 2275 inteream

260 2311 480 2396 etVergilium
501 2310 646 2375 exercito
668 2309 773 2396 deque
792 2311 964 2395 tragoedia
980 2312 1151 2397 supposita
1165 2312 1207 2376 ad
1218 2312 1256 2376 L.
1264 2311 1402 2375 Varium

261 2423 294 2477 ct
308 2413 446 2476 Plotiam
462 2413 557 2474 istam
574 2420 607 2475 et
621 2410 788 2496 Thyesten
803 2411 949 2476 fabulam
971 2412 1072 2496 (conf.
1089 2412 1189 2498 Verg.
1205 2413 1264 2478 vit.
1280 2413 1403 2478 Donat.

261 2519 281 2596 ξ
301 2513 357 2597 81)
386 2521 535 2598 spectare
564 2511 762 2597 eandemque
784 2535 853 2577 rem
875 2513 1010 2578 mutatis
1033 2514 1215 2594 mutandis,
1242 2523 1280 2577 ut
1302 2515 1403 2594 aiunt,

247 2623 294 2678 'ct
317 2635 337 2676 a
359 2611 514 2677 Suetonio
537 2613 572 2675 in
600 2613 670 2676 vita
692 2613 799 2697 tangi,
829 2635 967 2699 quocum
993 2615 1077 2680 bene
1104 2616 1304 2680 conveniunt
1325 2615 1403 2679 Sue-

262 2714 343 2780 tonii
373 2712 490 2777 uerba:
528 2717 700 2792 ‘culpatum
735 2723 785 2778 est
820 2734 994 2779 consuesse
1028 2738 1102 2780 eum
1132 2726 1165 2781 et
1193 2738 1267 2780 cum
1296 2715 1405 2779 Plotia

262 2815 400 2894 Hieria',
432 2813 524 2878 cuius
552 2820 693 2892 aalysiae
719 2813 880 2901 opinionis
909 2815 1001 2881 vides
1025 2839 1045 2881 a
1067 2817 1182 2882 Seruio
1204 2815 1405 2882 luculentum

262 2915 446 3002 exemplum
467 2913 616 2998 proferri.

347 3017 387 3082 In
410 3038 448 3080 eo
470 3037 561 3096 vero,
585 3015 671 3102 quod
689 3023 812 3082 Galerio
832 3017 975 3104 scripsit,
998 3017 1069 3084 falli
1089 3019 1230 3085 uidetur.
1274 3020 1313 3083 In
1336 3022 1406 3085 vita

263 3120 362 3201 enim,
384 3117 470 3182 utin
486 3115 693 3202 Sangallensi
709 3116 821 3183 codice
837 3120 938 3203 (saec.
953 3120 1002 3206 X)
1025 3120 1145 3186 diserte
1160 3126 1259 3185 hierio
1274 3119 1405 3205 legitur,

263 3223 311 3286 ita
332 3220 365 3283 in
387 3219 548 3284 Beruensi
569 3240 635 3282 non
656 3226 756 3298 pierio
777 3219 917 3286 habetur
943 3221 1031 3306 quod
1052 3220 1171 3286 Mtiller
1198 3222 1248 3286 sui
1270 3243 1335 3285 non
1357 3223 1405 3285 in·

263 3342 387 3385 mernor
413 3329 574 3402 nugatur,
610 3319 670 3383 sed
691 3311 793 3398 demo,
831 3319 891 3385 hoc
920 3329 988 3402 est,
1023 3323 1181 3408 scriptum
1209 3321 1273 3386 fuit
1300 3324 1405 3407 primo

262 3431 365 3503 perio,
400 3430 582 3485 correctum
615 3420 735 3484 deinde
768 3420 825 3503 (m.
853 3423 890 3502 2,
918 3422 976 3486 sed
1005 3445 1091 3489 saec.
1113 3423 1161 3510 X)
1190 3430 1276 3488 ierio.
1321 3425 1406 3488 Nam

264 3546 347 3611 quae
373 3522 485 3588 littera
512 3523 735 3608 supralcripta
761 3531 812 3586 est
839 3520 887 3586 illi
912 3544 950 3603 p,
978 3546 1042 3589 non
1064 3531 1076 3588 1
1097 3546 1168 3588 esse
1198 3523 1255 3589 sed
1279 3531 1303 3606 ι’,
1333 3547 1406 3589 cum

264 3624 358 3689 multi
372 3623 428 3687 alii
443 3621 565 3687 codicis
585 3624 645 3688 172
659 3622 722 3688 1οοὶ
737 3623 885 3706 doceant,
908 3624 1027 3709 quibus
1043 3626 1101 3689 tin
1116 3626 1291 3691 verborum
1306 3626 1408 3690 initiis

265 3725 412 3810 longiore
434 3724 534 3788 ductu
557 3724 658 3788 scribi
686 3723 783 3806 solet,
813 3734 850 3790 ut
876 3727 971 3811 quasi
998 3732 1011 3789 l
1038 3747 1109 3790 esse
1137 3725 1304 3807 videatur,
1338 3739 1407 3792 turn

265 3825 445 3890 luculenter
466 3824 652 3891 ostenditur
679 3825 749 3890 loco
778 3849 810 3912 p.
835 3825 891 3906 62,
924 3827 961 3888 11
985 3826 1040 3908 R.‚
1076 3826 1133 3892 ubi
1161 3827 1196 3890 in
1217 3827 1246 3890 B
1267 3827 1408 3892 habetur

265 3936 425 4007 iactatum,
448 3926 559 3991 littera
581 3934 592 3991 ι’
612 3926 753 3992 cundem
773 3929 809 3991 in
831 3927 964 3992 modum
987 3939 1110 4009 erecta,
1138 3926 1225 4013 quod
1247 3950 1321 3993 cum
1343 3951 1409 3994 non

265 4027 470 4112 intellegeret
497 4028 692 4111 Reginensis
728 4028 850 4094 codicis
880 4027 1051 4110 librarius,
1087 4036 1229 4093 laetatum
1265 4029 1408 4114 scripsit.

269 4136 360 4194 Gerra
387 4137 496 4192 autem
525 4130 757 4214 pronuntiandi
791 4130 872 4194 vitio
901 4151 944 4194 ex
970 4137 1048 4195 ieriu
1079 4139 1186 4194 ortum
1215 4151 1286 4194 osse
1314 4129 1411 4196 docet

268 4227 468 4293 simillimum
491 4229 675 4316 exemplum
698 4234 732 4296 in
754 4231 935 4297 Hermanni
957 4230 1095 4294 Vseneri
1123 4229 1163 4294 de
1186 4228 1317 4295 scholiis
1341 4231 1408 4298 Ho-

267 4331 405 4396 ratianis
422 4327 531 4396 libello
550 4329 689 4414 (Bernae
704 4355 847 4418 prooem.
864 4341 944 4397 aest.
963 4331 1060 4416 1863)
1075 4354 1107 4417 p.
1124 4329 1246 4395 XXXI
1261 4330 1408 4415 obvium,
