2962 4904
542 393 788 440 enonsoomrun.
1214 359 1240 434 '3

91 562 263 624 coniectura
287 563 335 640 (ei.
359 561 527 625 lliausenus
555 565 713 627 1313333
742 573 771 625 et
793 564 948 643 penatibus
971 563 983 623 1
1004 559 1068 624 530
1089 562 1176 644 sqq),
1202 561 1239 624 ad

89 665 156 743 ipsa
179 665 237 726 diri
260 663 326 725 iulii
348 664 483 726 natalicia
507 684 533 728 a.
557 666 584 728 d.
608 667 645 728 17
660 665 734 728 1733.
759 665 811 727 131.
836 661 1240 746 333171233131313333313

91 766 271 828 celebranda
294 775 426 829 331333
450 769 490 830 113
512 767 605 830 multo
629 775 696 848 post
719 766 851 847 eclogam
880 769 1012 848 quintam
1042 768 1238 848 compositam

92 887 294 939 3333333313
318 870 457 932 adsecuta
481 879 567 935 esset.

177 973 250 1034 Nam
274 979 413 1052 poterant
435 972 539 1035 eodem
563 975 745 1036 3333311313
762 991 838 1056 quae
860 975 993 1052 quintam
1016 981 1241 1037 antecesserunt

92 1075 222 1137 secunda
250 1083 281 1135 et
310 1077 396 1137 tertia
425 1075 547 1137 absolvi.
600 1077 730 1149 Quarum
757 1079 855 1157 prior,
884 1079 911 1140 si
939 1077 1074 1139 ordinem
1110 1079 1147 1140 ab
1175 1080 1240 1156 ipso

92 1187 179 1257 poeta
201 1177 220 1238 l;
237 1175 256 1238 l.
281 1176 442 1240 indicatum
464 1180 626 1259 sequimur,
657 1177 791 1241 habenda
816 1189 860 1242 est
881 1183 1056 1242 secundo.
1102 1181 1162 1243 Nee
1185 1201 1241 1262 per

92 1297 125 1339 33
147 1279 253 1349 obstat,
282 1280 361 1359 quod
383 1279 463 1342 idem
487 1300 601 1343 summa
625 1290 737 1344 aestate
760 1283 875 1343 cantari
891 1281 1064 1362 Corydonis
1088 1282 1238 1362 querellas

94 1399 118 1438 r.
140 1377 160 1441 8
184 1399 247 1462 sqq.
273 1378 323 1442 66.
348 1379 398 1453 70,
421 1401 514 1446 verno
537 1393 673 1465 ternpore
696 1383 856 1446 llamoetae
885 1393 915 1446 et
936 1384 1086 1447 Menalcae
1109 1387 1239 1448 carmina

93 1482 252 1544 amoebaea
278 1481 389 1560 (11156
412 1488 488 1566 sqq.)
512 1486 615 1549 voluit.
662 1485 720 1548 Sed
751 1489 847 1567 possit
869 1486 955 1548 lacile
984 1487 1059 1549 ordo
1083 1488 1171 1548 etiarn
1194 1488 1240 1548 in·

94 1587 177 1646 certi.
223 1586 256 1646 13
277 1583 326 1646 1113
351 1594 450 1648 autem
473 1589 655 1669 pervulgata,
685 1599 718 1650 ut
740 1590 873 1661 videtur,
904 1597 934 1651 et
960 1591 1083 1652 minime
1112 1589 1239 1652 absurde

94 1687 247 1749 bominum
272 1686 490 1766 elegantiorem
514 1693 575 1752 sive
597 1693 699 1773 opinio
724 1693 784 1753 sive
807 1693 930 1754 33133113
955 1700 1019 1754 erat
1033 1691 1164 1753 Alexidis
1185 1710 1239 1753 no·

94 1791 173 1851 mine
202 1807 322 1851 serrum
353 1792 501 1870 quendam
525 1794 619 1856 Asinii
641 1792 799 1864 Pollionis,
824 1793 1039 1862 Alexandrum,
1070 1795 1239 1872 significari,

94 1895 195 1970 ‘quem
219 1890 366 1969 Vergilius
389 1904 511 1972 rogatus
525 1895 569 1978 ¹ad
592 1895 751 1976 prandium
774 1915 843 1958 eum
872 1895 992 1958 vidisset
1020 1897 1050 1956 in
1074 1897 1240 1957 ministerio

94 1996 225 2055 omnium
255 1992 509 2072 pulcherrimum’
543 2006 571 2058 31
599 1998 779 2068 adamasset,
815 1998 893 2060 dono
927 1997 963 2060 ab
996 2016 1049 2059 ero
1078 1999 1241 2078 accepisset

95 2098 226 2174 (Serrium
249 2095 286 2156 ad
316 2094 370 2156 ecl.
400 2096 426 2157 ll
451 2094 478 2159 1.
506 2095 545 2160 15
572 2099 664 2161 33131.
689 2100 778 2161 Rern.
804 2100 858 2161 ecl.
882 2097 948 2161 111
980 2100 1112 2162 Donatus
1135 2119 1164 2178 p.
1188 2095 1239 2164 57.

96 2197 110 2258 1
134 2197 191 2278 tt).
238 2198 292 2258 Cui
315 2200 478 2259 narrationi
501 2201 553 2279 qui
575 2200 828 2281 locupletissimus
851 2203 936 2264 testis
960 2203 1089 2264 existere
1111 2208 1236 2281 poterat,

94 2301 283 2380 Propertius,
308 2315 374 2360 cum
391 2297 480 2362 buius
495 2303 589 2382 ipsius
605 2305 745 2365 carminis
756 2306 786 2365 in
800 2302 875 2382 eleg.
887 2303 927 2364 111
940 2299 990 2375 33,
1005 2301 1045 2366 73
1057 2305 1239 2367 mentionem

93 2402 206 2464 laceret
229 2399 321 2480 l‘ielin
344 2402 486 2464 intactum
510 2403 646 2485 Corydon
670 2407 719 2486 qui
743 2413 867 2485 temptat
891 2405 995 2468 Alexin
1018 2405 1166 2486 agricolae
1189 2403 1241 2466 do·

94 2506 164 2566 mini
187 2521 314 2583 carpere
336 2503 488 2585 delicias’),
513 2524 581 2566 eum
596 2525 666 2568 sene
689 2507 853 2569 dolendum
868 2508 999 2570 estnihil
1017 2507 1163 2570 eiusmodi
1179 2525 1241 2568 me-

94 2609 205 2668 moriae
228 2604 359 2685 prodere
382 2605 519 2668 voluisse.
566 2609 631 2680 Quo
655 2608 794 2670 disertior
816 2612 848 2671 in
875 2629 1002 2673 munere
1031 2611 1081 2672 illo
1111 2612 1241 2690 gratioso

95 2706 296 2788 praedicando
318 2707 459 2770 Martialis
492 2711 525 2788 (ll
555 2707 594 2770 16
624 2707 740 2772 71129
767 2711 831 2773 7111
852 2710 1000 2793 biiij),
1030 2713 1082 2776 331
1105 2715 1144 2783 is,
1174 2731 1240 2774 cum

94 2811 297 2874 blaecenateru
321 2826 376 2887 pro
391 2809 525 2872 Pollione
548 2813 692 2883 nominet,
715 2831 860 2892 vagasse
883 2817 977 2894 magis
999 2833 1137 2877 rumores
1153 2832 1240 2894 quam

95 2912 238 2976 historiae
261 2912 349 2973 iidem
373 2914 456 2993 sequi
479 2915 585 2976 lassus,
630 2914 706 2986 Quid
730 2915 809 2993 quod
833 2918 927 2992 etiam
951 2919 1085 2979 Caesaris
1114 2935 1241 2999 puerum

94 3016 222 3096 aliquem
246 3023 335 3092 atque
358 3015 432 3077 adeo
448 3017 604 3079 Caesarem
621 3018 716 3096 ipsum
733 3016 808 3079 alios
832 3017 988 3098 protulisse
1010 3019 1088 3099 apud
1105 3019 1241 3081 Servium

92 3118 231 3198 legimus.
277 3117 391 3179 Attide
415 3118 533 3198 dignior
555 3118 712 3200 Apuleius,
743 3122 793 3196 qui
820 3122 851 3182 in
880 3119 981 3182 libello
1005 3120 1242 3200 elegantissimae

97 3221 249 3282 doetrinae
273 3225 303 3279 et
322 3219 433 3281 multae
455 3219 607 3292 133113313,
638 3220 803 3300 apologiam
827 3223 909 3292 dico,
939 3220 1112 3284 3101333
1136 3222 1241 3284 eodem

96 3341 155 3403 quo
177 3321 407 3384 memorabilem
429 3323 466 3383 de
488 3322 596 3385 Lesbia
619 3322 724 3385 Catulli
748 3332 777 3385 et
793 3324 917 3406 Cynthia
932 3325 1081 3404 Propertii
1105 3326 1240 3388 notitiam

96 3427 238 3502 inseruit,
279 3424 329 3485 illa
363 3442 483 3504 quoque
517 3425 554 3486 de
588 3425 709 3488 Alexide
741 3427 872 3489 Maronis
904 3427 1092 3490 confidenter
1124 3429 1239 3507 posuit:

96 3521 219 3607 ‘quanto
243 3527 407 3589 modestius
435 3528 555 3596 tandem
579 3527 756 3590 Mantuanus
783 3537 887 3611 poeta,
917 3531 968 3609 qui
995 3529 1097 3602 itidem
1125 3538 1158 3590 ut
1187 3547 1241 3609 ego

96 3647 222 3710 puerum
246 3631 333 3692 amici
356 3632 402 3693 sui
424 3630 566 3692 Pollionis
589 3629 724 3692 bucolico
747 3631 861 3693 ludicro
890 3631 1014 3693 laudans
1037 3641 1067 3692 et
1089 3630 1242 3692 abstinens

97 3736 252 3795 nominum
282 3749 349 3794 sese
377 3733 497 3813 quidem
522 3733 725 3814 Corydonem,
754 3753 881 3816 puerum
910 3753 981 3796 vero
1003 3733 1107 3796 Alexin
1136 3737 1243 3795 vocat!

99 3839 285 3914 Quamquam
316 3835 520 3915 exemplorum
550 3835 758 3899 similitudines
786 3840 837 3919 qui
863 3843 998 3918 captaret
1025 3835 1133 3914 quibus
1159 3853 1243 3896 suam

98 3957 215 4002 causam
238 3945 391 4009 tueretur,
427 3957 499 4000 num
527 3941 554 4001 is
582 3941 647 4019 ipse
677 3941 708 4001 in
736 3939 803 4002 talis
831 3947 1098 4002 commentatorum
1126 3937 1243 4000 1313133

99 4045 252 4104 veritatem
277 4041 449 4121 diligentius
470 4043 649 4121 inquisierit,
673 4061 721 4113 an,
744 4045 770 4104 si
793 4045 950 4124 inquisivit,
975 4061 1008 4104 ea
1032 4050 1146 4103 tantum
1169 4061 1244 4123 quae

100 4161 164 4206 rora
188 4164 254 4207 esse
278 4143 336 4205 sibi
358 4145 423 4225 ipse
446 4144 533 4206 iaeile
555 4153 756 4225 persuaserat,
780 4146 951 4226 protulerit,
977 4146 1043 4224 quis
1059 4143 1154 4206 dicati
1184 4144 1243 4206 Sed

101 4255 189 4309 restat
211 4265 305 4317 unus,
335 4247 382 4308 331
409 4249 510 4309 securi
540 4246 664 4310 eredere
686 4267 861 4329 possumus,
890 4249 1040 4318 Donatus,
1071 4249 1096 4309 si
1124 4246 1242 4326 quidem

102 4366 172 4427 quae
195 4351 261 4410 eius
285 4351 406 4410 nomine
434 4349 608 4412 inscribitur
638 4353 727 4412 eitam
749 4351 951 4431 Vergilionem
983 4349 1107 4412 resectis
1134 4351 1242 4429 pannis

58 4453 60 4460 '
101 4450 324 4532 interpolation
347 4451 471 4513 Suetoni
495 4456 544 4533 qui
566 4454 603 4513 de
626 4456 722 4534 poetis
744 4453 854 4516 librum
885 4453 981 4514 13333
1004 4453 1097 4527 frugis
1120 4447 1241 4530 plenum

998 4553 1038 4614 1*

1246 507 1263 566 Ι
