<?xml version="1.0" encoding="UTF-8"?>
<!DOCTYPE html PUBLIC "-//W3C//DTD XHTML 1.0 Transitional//EN"
    "http://www.w3.org/TR/xhtml1/DTD/xhtml1-transitional.dtd">
<html xmlns="http://www.w3.org/1999/xhtml" xml:lang="en" lang="en">
 <head>
  <title>
</title>
<meta http-equiv="Content-Type" content="text/html;charset=utf-8" />
  <meta name='ocr-system' content='tesseract 3.04.00' />
  <meta name='ocr-capabilities' content='ocr_page ocr_carea ocr_par ocr_line ocrx_word'/>
</head>
<body>
  <div class='ocr_page' id='page_1' title='image "./pvergilimaronis01ribbgoog/pvergilimaronis01ribbgoog_0257.png"; bbox 0 0 2956 4906; ppageno 0'>
   <div class='ocr_carea' id='block_1_1' title="bbox 243 287 933 364">
    <p class='ocr_par' dir='ltr' id='par_1_1' title="bbox 243 287 933 364">
     <span class='ocr_line' id='line_1_1' title="bbox 243 287 933 364; baseline 0 -2"><span class='ocrx_word' id='word_1_1' title='bbox 243 299 307 362; x_wconf 93' lang='grc'><strong>220</strong></span> <span class='ocrx_word' id='word_1_2' title='bbox 692 287 933 364; x_wconf 77' lang='lat' dir='ltr'><strong>rnonusouuuu.</strong></span> 
     </span>
    </p>
   </div>
   <div class='ocr_carea' id='block_1_2' title="bbox 167 487 1456 2607">
    <p class='ocr_par' dir='ltr' id='par_1_2' title="bbox 167 487 1456 1587">
     <span class='ocr_line' id='line_1_2' title="bbox 242 487 1384 570; baseline 0.003 -21"><span class='ocrx_word' id='word_1_3' title='bbox 242 509 300 569; x_wconf 94' lang='lat' dir='ltr'><strong>quo</strong></span> <span class='ocrx_word' id='word_1_4' title='bbox 322 489 413 568; x_wconf 90' lang='lat' dir='ltr'><strong>primi</strong></span> <span class='ocrx_word' id='word_1_5' title='bbox 437 489 482 549; x_wconf 92' lang='lat' dir='ltr'><strong>usi</strong></span> <span class='ocrx_word' id='word_1_6' title='bbox 504 496 573 550; x_wconf 90' lang='lat' dir='ltr'><strong>sunt</strong></span> <span class='ocrx_word' id='word_1_7' title='bbox 587 487 677 549; x_wconf 78' lang='lat' dir='ltr'><strong>Aldus</strong></span> <span class='ocrx_word' id='word_1_8' title='bbox 699 489 846 550; x_wconf 76' lang='lat' dir='ltr'><strong>Manutius</strong></span> <span class='ocrx_word' id='word_1_9' title='bbox 869 498 898 550; x_wconf 93' lang='grc' dir='ltr'><strong>ει</strong></span> <span class='ocrx_word' id='word_1_10' title='bbox 919 489 1053 550; x_wconf 89' lang='lat' dir='ltr'><strong>Norisius</strong></span> <span class='ocrx_word' id='word_1_11' title='bbox 1076 487 1384 570; x_wconf 67' lang='lat' dir='ltr'><strong>(concepturam).</strong></span> 
     </span>
     <span class='ocr_line' id='line_1_3' title="bbox 227 588 1382 668; baseline -0.003 -13"><span class='ocrx_word' id='word_1_12' title='bbox 227 652 228 656; x_wconf 75' lang='grc'>,</span> <span class='ocrx_word' id='word_1_13' title='bbox 242 588 372 666; x_wconf 88' lang='lat' dir='ltr'><strong>Contulit</strong></span> <span class='ocrx_word' id='word_1_14' title='bbox 394 598 486 650; x_wconf 89' lang='lat' dir='ltr'><strong>totum</strong></span> <span class='ocrx_word' id='word_1_15' title='bbox 509 591 622 668; x_wconf 89' lang='lat' dir='ltr'><strong>primus</strong></span> <span class='ocrx_word' id='word_1_16' title='bbox 637 589 776 652; x_wconf 89' lang='lat' dir='ltr'><strong>Nicolaus</strong></span> <span class='ocrx_word' id='word_1_17' title='bbox 791 591 930 652; x_wconf 81' lang='lat' dir='ltr'>Heinsius</span> <span class='ocrx_word' id='word_1_18' title='bbox 947 590 1002 668; x_wconf 86' lang='lat' dir='ltr'><strong>(ed.</strong></span> <span class='ocrx_word' id='word_1_19' title='bbox 1019 589 1199 652; x_wconf 84' lang='lat' dir='ltr'><strong>Elzeviriana</strong></span> <span class='ocrx_word' id='word_1_20' title='bbox 1214 589 1382 652; x_wconf 80' lang='lat' dir='ltr'><strong>Amstelod.</strong></span> 
     </span>
     <span class='ocr_line' id='line_1_4' title="bbox 243 689 1382 772; baseline 0.002 -20"><span class='ocrx_word' id='word_1_21' title='bbox 243 689 345 770; x_wconf 85' lang='grc'><strong>1676),</strong></span> <span class='ocrx_word' id='word_1_22' title='bbox 368 693 445 772; x_wconf 75' lang='lat' dir='ltr'><strong>typis</strong></span> <span class='ocrx_word' id='word_1_23' title='bbox 467 694 699 771; x_wconf 80' lang='lat' dir='ltr'><strong>repraesentavit</strong></span> <span class='ocrx_word' id='word_1_24' title='bbox 713 693 819 754; x_wconf 87' lang='lat' dir='ltr'><strong>Petrus</strong></span> <span class='ocrx_word' id='word_1_25' title='bbox 834 693 1010 754; x_wconf 85' lang='lat' dir='ltr'><strong>Franciscus</strong></span> <span class='ocrx_word' id='word_1_26' title='bbox 1025 692 1183 771; x_wconf 80' lang='lat' dir='ltr'><strong>Fogginius</strong></span> <span class='ocrx_word' id='word_1_27' title='bbox 1203 711 1281 754; x_wconf 92' lang='lat' dir='ltr'><strong>anno</strong></span> <span class='ocrx_word' id='word_1_28' title='bbox 1299 689 1382 754; x_wconf 89' lang='grc'>1741</span> 
     </span>
     <span class='ocr_line' id='line_1_5' title="bbox 241 792 1383 875; baseline 0.001 -21"><span class='ocrx_word' id='word_1_29' title='bbox 241 792 420 864; x_wconf 82' lang='lat' dir='ltr'><strong>Florentiae,</strong></span> <span class='ocrx_word' id='word_1_30' title='bbox 444 795 529 854; x_wconf 91' lang='lat' dir='ltr'><strong>cuius</strong></span> <span class='ocrx_word' id='word_1_31' title='bbox 551 793 638 854; x_wconf 89' lang='lat' dir='ltr'><strong>lldem</strong></span> <span class='ocrx_word' id='word_1_32' title='bbox 661 802 694 855; x_wconf 91' lang='lat' dir='ltr'><strong>ut</strong></span> <span class='ocrx_word' id='word_1_33' title='bbox 715 794 888 875; x_wconf 75' lang='lat' dir='ltr'><strong>Freptagius</strong></span> <span class='ocrx_word' id='word_1_34' title='bbox 910 793 1038 856; x_wconf 88' lang='lat' dir='ltr'><strong>laudavit</strong></span> <span class='ocrx_word' id='word_1_35' title='bbox 1059 795 1221 872; x_wconf 89' lang='lat' dir='ltr'><strong>Wagnero,</strong></span> <span class='ocrx_word' id='word_1_36' title='bbox 1252 795 1293 855; x_wconf 94' lang='lat' dir='ltr'><strong>ita</strong></span> <span class='ocrx_word' id='word_1_37' title='bbox 1315 795 1383 874; x_wconf 83' lang='lat' dir='ltr'><strong>ipse</strong></span> 
     </span>
     <span class='ocr_line' id='line_1_6' title="bbox 243 895 1383 974; baseline 0.001 -19"><span class='ocrx_word' id='word_1_38' title='bbox 243 904 383 974; x_wconf 83' lang='lat' dir='ltr'><strong>expertus</strong></span> <span class='ocrx_word' id='word_1_39' title='bbox 406 913 481 956; x_wconf 89' lang='lat' dir='ltr'><strong>sum.</strong></span> <span class='ocrx_word' id='word_1_40' title='bbox 533 896 605 957; x_wconf 85' lang='lat' dir='ltr'><strong>Cum</strong></span> <span class='ocrx_word' id='word_1_41' title='bbox 634 897 711 957; x_wconf 87' lang='lat' dir='ltr'><strong>enim</strong></span> <span class='ocrx_word' id='word_1_42' title='bbox 738 897 888 974; x_wconf 88' lang='lat' dir='ltr'><strong>integrum</strong></span> <span class='ocrx_word' id='word_1_43' title='bbox 910 896 1042 958; x_wconf 77' lang='lat' dir='ltr'><strong>codicem</strong></span> <span class='ocrx_word' id='word_1_44' title='bbox 1064 895 1202 957; x_wconf 80' lang='lat' dir='ltr'><strong>conterre</strong></span> <span class='ocrx_word' id='word_1_45' title='bbox 1224 895 1298 956; x_wconf 87' lang='lat' dir='ltr'><strong>milri</strong></span> <span class='ocrx_word' id='word_1_46' title='bbox 1319 915 1383 958; x_wconf 91' lang='lat' dir='ltr'><strong>non</strong></span> 
     </span>
     <span class='ocr_line' id='line_1_7' title="bbox 242 995 1381 1078; baseline 0.001 -21"><span class='ocrx_word' id='word_1_47' title='bbox 242 998 333 1059; x_wconf 89' lang='lat' dir='ltr'><strong>luerit</strong></span> <span class='ocrx_word' id='word_1_48' title='bbox 353 999 542 1077; x_wconf 89' lang='lat' dir='ltr'><strong>permissum,</strong></span> <span class='ocrx_word' id='word_1_49' title='bbox 566 995 708 1077; x_wconf 87' lang='lat' dir='ltr'><strong>inspectis</strong></span> <span class='ocrx_word' id='word_1_50' title='bbox 730 995 841 1078; x_wconf 81' lang='lat' dir='ltr'>aliquot</span> <span class='ocrx_word' id='word_1_51' title='bbox 863 997 936 1058; x_wconf 91' lang='lat' dir='ltr'><strong>locis</strong></span> <span class='ocrx_word' id='word_1_52' title='bbox 958 995 1047 1060; x_wconf 92' lang='lat' dir='ltr'><strong>debui</strong></span> <span class='ocrx_word' id='word_1_53' title='bbox 1069 1004 1226 1060; x_wconf 88' lang='lat' dir='ltr'><strong>contentus</strong></span> <span class='ocrx_word' id='word_1_54' title='bbox 1248 1016 1323 1068; x_wconf 89' lang='lat' dir='ltr'><strong>esse,</strong></span> <span class='ocrx_word' id='word_1_55' title='bbox 1349 1001 1381 1058; x_wconf 93' lang='lat' dir='ltr'><strong>in</strong></span> 
     </span>
     <span class='ocr_line' id='line_1_8' title="bbox 210 1098 1456 1180; baseline 0 -20"><span class='ocrx_word' id='word_1_56' title='bbox 210 1165 211 1172; x_wconf 39' lang='lat'>,</span> <span class='ocrx_word' id='word_1_57' title='bbox 242 1099 349 1178; x_wconf 88' lang='lat' dir='ltr'><strong>quibus</strong></span> <span class='ocrx_word' id='word_1_58' title='bbox 372 1098 442 1177; x_wconf 92' lang='lat' dir='ltr'><strong>quid</strong></span> <span class='ocrx_word' id='word_1_59' title='bbox 464 1101 565 1178; x_wconf 92' lang='lat' dir='ltr'><strong>priore</strong></span> <span class='ocrx_word' id='word_1_60' title='bbox 587 1117 675 1160; x_wconf 91' lang='lat' dir='ltr'><strong>maun</strong></span> <span class='ocrx_word' id='word_1_61' title='bbox 698 1101 839 1180; x_wconf 86' lang='lat' dir='ltr'><strong>scriptum</strong></span> <span class='ocrx_word' id='word_1_62' title='bbox 863 1107 950 1168; x_wconf 89' lang='lat' dir='ltr'><strong>esset,</strong></span> <span class='ocrx_word' id='word_1_63' title='bbox 975 1118 991 1160; x_wconf 89' lang='grc' dir='ltr'><strong>ε</strong></span> <span class='ocrx_word' id='word_1_64' title='bbox 1012 1099 1108 1160; x_wconf 88' lang='lat' dir='ltr'><strong>lituris</strong></span> <span class='ocrx_word' id='word_1_65' title='bbox 1124 1098 1232 1160; x_wconf 79' lang='lat' dir='ltr'><strong>elicere</strong></span> <span class='ocrx_word' id='word_1_66' title='bbox 1247 1101 1381 1178; x_wconf 88' lang='lat' dir='ltr'><strong>contigit,</strong></span> <span class='ocrx_word' id='word_1_67' title='bbox 1453 1147 1456 1152; x_wconf 76' lang='lat'>,</span> 
     </span>
     <span class='ocr_line' id='line_1_9' title="bbox 243 1199 1381 1280; baseline 0.003 -21"><span class='ocrx_word' id='word_1_68' title='bbox 243 1202 288 1260; x_wconf 84' lang='lat' dir='ltr'><strong>vix</strong></span> <span class='ocrx_word' id='word_1_69' title='bbox 314 1209 345 1262; x_wconf 92' lang='lat' dir='ltr'><strong>ut</strong></span> <span class='ocrx_word' id='word_1_70' title='bbox 367 1200 499 1261; x_wconf 82' lang='lat' dir='ltr'><strong>dubitem</strong></span> <span class='ocrx_word' id='word_1_71' title='bbox 522 1203 593 1279; x_wconf 89' lang='lat' dir='ltr'><strong>quin</strong></span> <span class='ocrx_word' id='word_1_72' title='bbox 617 1203 645 1262; x_wconf 88' lang='lat' dir='ltr'><strong>ei</strong></span> <span class='ocrx_word' id='word_1_73' title='bbox 667 1203 716 1280; x_wconf 92' lang='lat' dir='ltr'><strong>qui</strong></span> <span class='ocrx_word' id='word_1_74' title='bbox 738 1209 832 1276; x_wconf 92' lang='lat' dir='ltr'><strong>totum</strong></span> <span class='ocrx_word' id='word_1_75' title='bbox 861 1200 968 1262; x_wconf 89' lang='lat' dir='ltr'><strong>librum</strong></span> <span class='ocrx_word' id='word_1_76' title='bbox 997 1219 1110 1262; x_wconf 90' lang='lat' dir='ltr'><strong>summa</strong></span> <span class='ocrx_word' id='word_1_77' title='bbox 1133 1199 1304 1279; x_wconf 87' lang='lat' dir='ltr'><strong>diligentia,</strong></span> <span class='ocrx_word' id='word_1_78' title='bbox 1334 1203 1381 1262; x_wconf 91' lang='lat' dir='ltr'><strong>in·</strong></span> 
     </span>
     <span class='ocr_line' id='line_1_10' title="bbox 244 1294 1382 1382; baseline 0.001 -19"><span class='ocrx_word' id='word_1_79' title='bbox 244 1309 323 1364; x_wconf 88' lang='lat' dir='ltr'><strong>tenta</strong></span> <span class='ocrx_word' id='word_1_80' title='bbox 352 1294 596 1366; x_wconf 79' lang='lat' dir='ltr'><strong>oculorum&#39;acie</strong></span> <span class='ocrx_word' id='word_1_81' title='bbox 625 1321 731 1364; x_wconf 92' lang='lat' dir='ltr'><strong>serena</strong></span> <span class='ocrx_word' id='word_1_82' title='bbox 758 1302 827 1370; x_wconf 84' lang='lat' dir='ltr'><strong>luce</strong></span> <span class='ocrx_word' id='word_1_83' title='bbox 852 1302 950 1365; x_wconf 91' lang='lat' dir='ltr'><strong>denuo</strong></span> <span class='ocrx_word' id='word_1_84' title='bbox 983 1304 1160 1372; x_wconf 82' lang='lat' dir='ltr'><strong>excusserit,</strong></span> <span class='ocrx_word' id='word_1_85' title='bbox 1195 1302 1382 1382; x_wconf 74' lang='lat' dir='ltr'><strong>spicilegium</strong></span> 
     </span>
     <span class='ocr_line' id='line_1_11' title="bbox 167 1403 1382 1484; baseline 0.001 -19"><span class='ocrx_word' id='word_1_86' title='bbox 167 1465 173 1472; x_wconf 86' lang='grc'>,</span> <span class='ocrx_word' id='word_1_87' title='bbox 243 1404 387 1484; x_wconf 82' lang='lat' dir='ltr'><strong>quoddam</strong></span> <span class='ocrx_word' id='word_1_88' title='bbox 416 1403 552 1466; x_wconf 88' lang='lat' dir='ltr'><strong>relictum</strong></span> <span class='ocrx_word' id='word_1_89' title='bbox 581 1407 625 1466; x_wconf 91' lang='lat' dir='ltr'><strong>sit.</strong></span> <span class='ocrx_word' id='word_1_90' title='bbox 677 1405 815 1466; x_wconf 88' lang='lat' dir='ltr'><strong>Ceterum</strong></span> <span class='ocrx_word' id='word_1_91' title='bbox 844 1406 1025 1482; x_wconf 88' lang='lat' dir='ltr'><strong>ubicumque</strong></span> <span class='ocrx_word' id='word_1_92' title='bbox 1053 1404 1234 1482; x_wconf 85' lang='lat' dir='ltr'><strong>aFogginio</strong></span> <span class='ocrx_word' id='word_1_93' title='bbox 1261 1404 1382 1466; x_wconf 83' lang='lat' dir='ltr'><strong>diversa</strong></span> 
     </span>
     <span class='ocr_line' id='line_1_12' title="bbox 242 1491 896 1587; baseline 0.003 -21"><span class='ocrx_word' id='word_1_94' title='bbox 242 1491 366 1568; x_wconf 88' lang='lat' dir='ltr'><strong>testatus</strong></span> <span class='ocrx_word' id='word_1_95' title='bbox 387 1525 467 1577; x_wconf 88' lang='lat' dir='ltr'><strong>sum,</strong></span> <span class='ocrx_word' id='word_1_96' title='bbox 496 1525 592 1568; x_wconf 92' lang='lat' dir='ltr'><strong>meam</strong></span> <span class='ocrx_word' id='word_1_97' title='bbox 614 1509 771 1587; x_wconf 87' lang='lat' dir='ltr'><strong>interpono</strong></span> <span class='ocrx_word' id='word_1_98' title='bbox 799 1506 896 1568; x_wconf 89' lang='lat' dir='ltr'><strong>fidem.</strong></span> 
     </span>
    </p>

    <p class='ocr_par' dir='ltr' id='par_1_3' title="bbox 242 1604 1402 2607">
     <span class='ocr_line' id='line_1_13' title="bbox 326 1604 1383 1688; baseline 0 -20"><span class='ocrx_word' id='word_1_99' title='bbox 326 1608 431 1688; x_wconf 86' lang='lat' dir='ltr'><strong>Incipit</strong></span> <span class='ocrx_word' id='word_1_100' title='bbox 457 1609 550 1672; x_wconf 80' lang='lat' dir='ltr'><strong>codex</strong></span> <span class='ocrx_word' id='word_1_101' title='bbox 582 1605 619 1670; x_wconf 92' lang='lat' dir='ltr'><strong>ab</strong></span> <span class='ocrx_word' id='word_1_102' title='bbox 653 1607 771 1687; x_wconf 88' lang='lat' dir='ltr'><strong>eclogae</strong></span> <span class='ocrx_word' id='word_1_103' title='bbox 804 1617 903 1671; x_wconf 82' lang='lat' dir='ltr'><strong>sertae</strong></span> <span class='ocrx_word' id='word_1_104' title='bbox 927 1627 1015 1670; x_wconf 89' lang='lat' dir='ltr'><strong>versu</strong></span> <span class='ocrx_word' id='word_1_105' title='bbox 1032 1604 1092 1677; x_wconf 89' lang='lat'><strong>48,</strong></span> <span class='ocrx_word' id='word_1_106' title='bbox 1125 1606 1236 1688; x_wconf 91' lang='lat' dir='ltr'><strong>reliqua</strong></span> <span class='ocrx_word' id='word_1_107' title='bbox 1270 1608 1383 1688; x_wconf 84' lang='lat' dir='ltr'><strong>optime</strong></span> 
     </span>
     <span class='ocr_line' id='line_1_14' title="bbox 242 1708 1383 1792; baseline -0.003 -21"><span class='ocrx_word' id='word_1_108' title='bbox 242 1708 416 1792; x_wconf 89' lang='lat' dir='ltr'><strong>plerumque</strong></span> <span class='ocrx_word' id='word_1_109' title='bbox 438 1718 621 1786; x_wconf 86' lang='lat' dir='ltr'><strong>conservata,</strong></span> <span class='ocrx_word' id='word_1_110' title='bbox 645 1712 703 1772; x_wconf 91' lang='lat' dir='ltr'><strong>nisi</strong></span> <span class='ocrx_word' id='word_1_111' title='bbox 725 1710 804 1789; x_wconf 94' lang='lat' dir='ltr'><strong>quod</strong></span> <span class='ocrx_word' id='word_1_112' title='bbox 820 1710 1003 1790; x_wconf 86' lang='lat' dir='ltr'><strong>marginibus</strong></span> <span class='ocrx_word' id='word_1_113' title='bbox 1019 1711 1142 1772; x_wconf 86' lang='lat' dir='ltr'><strong>attonsis</strong></span> <span class='ocrx_word' id='word_1_114' title='bbox 1158 1717 1186 1770; x_wconf 93' lang='lat' dir='ltr'><strong>et</strong></span> <span class='ocrx_word' id='word_1_115' title='bbox 1201 1711 1297 1771; x_wconf 89' lang='lat' dir='ltr'><strong>lorma</strong></span> <span class='ocrx_word' id='word_1_116' title='bbox 1311 1708 1383 1770; x_wconf 91' lang='lat' dir='ltr'><strong>libri</strong></span> 
     </span>
     <span class='ocr_line' id='line_1_15' title="bbox 243 1799 1402 1893; baseline -0.002 -20"><span class='ocrx_word' id='word_1_117' title='bbox 243 1812 425 1893; x_wconf 88' lang='lat' dir='ltr'><strong>aliquantum</strong></span> <span class='ocrx_word' id='word_1_118' title='bbox 449 1801 598 1874; x_wconf 84' lang='lat' dir='ltr'><strong>deminuta</strong></span> <span class='ocrx_word' id='word_1_119' title='bbox 627 1820 672 1874; x_wconf 89' lang='lat' dir='ltr'><strong>est</strong></span> <span class='ocrx_word' id='word_1_120' title='bbox 699 1822 728 1875; x_wconf 90' lang='lat' dir='ltr'><strong>et</strong></span> <span class='ocrx_word' id='word_1_121' title='bbox 749 1812 860 1874; x_wconf 92' lang='lat' dir='ltr'><strong>scbolia</strong></span> <span class='ocrx_word' id='word_1_122' title='bbox 884 1813 1054 1892; x_wconf 86' lang='lat' dir='ltr'><strong>marginalia</strong></span> <span class='ocrx_word' id='word_1_123' title='bbox 1077 1811 1221 1890; x_wconf 84' lang='lat' dir='ltr'><strong>quaedam</strong></span> <span class='ocrx_word' id='word_1_124' title='bbox 1249 1799 1402 1872; x_wconf 79' lang='lat' dir='ltr'><strong>mutilata¹</strong></span> 
     </span>
     <span class='ocr_line' id='line_1_16' title="bbox 243 1912 1384 1995; baseline -0.004 -19"><span class='ocrx_word' id='word_1_125' title='bbox 243 1921 320 1976; x_wconf 88' lang='lat' dir='ltr'><strong>sunt.</strong></span> <span class='ocrx_word' id='word_1_126' title='bbox 355 1914 493 1977; x_wconf 86' lang='lat' dir='ltr'><strong>Continet</strong></span> <span class='ocrx_word' id='word_1_127' title='bbox 514 1917 544 1976; x_wconf 94' lang='lat' dir='ltr'><strong>in</strong></span> <span class='ocrx_word' id='word_1_128' title='bbox 567 1914 690 1995; x_wconf 87' lang='lat' dir='ltr'><strong>singulis</strong></span> <span class='ocrx_word' id='word_1_129' title='bbox 712 1917 827 1995; x_wconf 86' lang='lat' dir='ltr'><strong>paginis</strong></span> <span class='ocrx_word' id='word_1_130' title='bbox 850 1933 952 1976; x_wconf 87' lang='lat' dir='ltr'><strong>versus</strong></span> <span class='ocrx_word' id='word_1_131' title='bbox 967 1914 1069 1985; x_wconf 83' lang='lat' dir='ltr'>XXIX,</span> <span class='ocrx_word' id='word_1_132' title='bbox 1092 1916 1149 1976; x_wconf 87' lang='lat' dir='ltr'><strong>nisi</strong></span> <span class='ocrx_word' id='word_1_133' title='bbox 1170 1912 1248 1994; x_wconf 92' lang='lat' dir='ltr'><strong>quod</strong></span> <span class='ocrx_word' id='word_1_134' title='bbox 1270 1914 1302 1973; x_wconf 92' lang='lat' dir='ltr'><strong>in</strong></span> <span class='ocrx_word' id='word_1_135' title='bbox 1323 1913 1384 1973; x_wconf 86' lang='lat' dir='ltr'><strong>fine</strong></span> 
     </span>
     <span class='ocr_line' id='line_1_17' title="bbox 244 2015 1384 2098; baseline -0.003 -21"><span class='ocrx_word' id='word_1_136' title='bbox 244 2016 387 2082; x_wconf 87' lang='lat' dir='ltr'><strong>librorum</strong></span> <span class='ocrx_word' id='word_1_137' title='bbox 410 2018 534 2097; x_wconf 87' lang='lat' dir='ltr'><strong>paginae</strong></span> <span class='ocrx_word' id='word_1_138' title='bbox 556 2036 625 2098; x_wconf 91' lang='lat' dir='ltr'><strong>pars</strong></span> <span class='ocrx_word' id='word_1_139' title='bbox 647 2015 692 2078; x_wconf 87' lang='lat' dir='ltr'><strong>vel</strong></span> <span class='ocrx_word' id='word_1_140' title='bbox 716 2017 789 2078; x_wconf 90' lang='lat' dir='ltr'><strong>adeo</strong></span> <span class='ocrx_word' id='word_1_141' title='bbox 812 2035 914 2078; x_wconf 87' lang='lat' dir='ltr'><strong>aversa</strong></span> <span class='ocrx_word' id='word_1_142' title='bbox 938 2015 1069 2078; x_wconf 90' lang='lat' dir='ltr'><strong>eiusdem</strong></span> <span class='ocrx_word' id='word_1_143' title='bbox 1091 2017 1154 2077; x_wconf 91' lang='lat' dir='ltr'><strong>lolii</strong></span> <span class='ocrx_word' id='word_1_144' title='bbox 1169 2017 1275 2095; x_wconf 89' lang='lat' dir='ltr'><strong>pagina</strong></span> <span class='ocrx_word' id='word_1_145' title='bbox 1292 2032 1384 2076; x_wconf 88' lang='lat' dir='ltr'><strong>vacua</strong></span> 
     </span>
     <span class='ocr_line' id='line_1_18' title="bbox 243 2117 1382 2197; baseline -0.002 -19"><span class='ocrx_word' id='word_1_146' title='bbox 243 2118 346 2181; x_wconf 89' lang='lat' dir='ltr'><strong>relicta</strong></span> <span class='ocrx_word' id='word_1_147' title='bbox 374 2127 427 2181; x_wconf 90' lang='lat' dir='ltr'><strong>est.</strong></span> <span class='ocrx_word' id='word_1_148' title='bbox 478 2119 635 2180; x_wconf 90' lang='lat' dir='ltr'><strong>Praeterea</strong></span> <span class='ocrx_word' id='word_1_149' title='bbox 663 2119 813 2197; x_wconf 87' lang='lat' dir='ltr'><strong>singulare</strong></span> <span class='ocrx_word' id='word_1_150' title='bbox 842 2117 946 2180; x_wconf 92' lang='lat' dir='ltr'><strong>lolium</strong></span> <span class='ocrx_word' id='word_1_151' title='bbox 974 2119 1119 2180; x_wconf 89' lang='lat' dir='ltr'><strong>insertum</strong></span> <span class='ocrx_word' id='word_1_152' title='bbox 1147 2125 1193 2178; x_wconf 92' lang='lat' dir='ltr'><strong>est</strong></span> <span class='ocrx_word' id='word_1_153' title='bbox 1220 2124 1289 2197; x_wconf 90' lang='lat' dir='ltr'><strong>post</strong></span> <span class='ocrx_word' id='word_1_154' title='bbox 1310 2117 1382 2177; x_wconf 80' lang='lat' dir='ltr'><strong>lien.</strong></span> 
     </span>
     <span class='ocr_line' id='line_1_19' title="bbox 243 2215 1385 2301; baseline 0.001 -24"><span class='ocrx_word' id='word_1_155' title='bbox 243 2219 291 2281; x_wconf 91' lang='lat' dir='ltr'><strong>Vll</strong></span> <span class='ocrx_word' id='word_1_156' title='bbox 313 2215 387 2290; x_wconf 82' lang='lat'>580,</span> <span class='ocrx_word' id='word_1_157' title='bbox 410 2222 440 2282; x_wconf 91' lang='lat' dir='ltr'><strong>in</strong></span> <span class='ocrx_word' id='word_1_158' title='bbox 463 2240 522 2301; x_wconf 97' lang='lat' dir='ltr'><strong>quo</strong></span> <span class='ocrx_word' id='word_1_159' title='bbox 544 2239 648 2283; x_wconf 85' lang='lat' dir='ltr'><strong>versus</strong></span> <span class='ocrx_word' id='word_1_160' title='bbox 662 2217 832 2283; x_wconf 66' lang='grc' dir='ltr'><strong>581-τ600</strong></span> <span class='ocrx_word' id='word_1_161' title='bbox 847 2228 877 2280; x_wconf 88' lang='grc' dir='ltr'><strong>ει</strong></span> <span class='ocrx_word' id='word_1_162' title='bbox 891 2215 1058 2282; x_wconf 86' lang='grc'><strong>601-615</strong></span> <span class='ocrx_word' id='word_1_163' title='bbox 1081 2219 1258 2298; x_wconf 85' lang='lat' dir='ltr'><strong>largioribus</strong></span> <span class='ocrx_word' id='word_1_164' title='bbox 1280 2219 1385 2299; x_wconf 90' lang='lat' dir='ltr'><strong>spatiis</strong></span> 
     </span>
     <span class='ocr_line' id='line_1_20' title="bbox 244 2320 1383 2403; baseline -0.002 -20"><span class='ocrx_word' id='word_1_165' title='bbox 244 2341 330 2384; x_wconf 87' lang='lat' dir='ltr'><strong>manu</strong></span> <span class='ocrx_word' id='word_1_166' title='bbox 354 2322 458 2392; x_wconf 90' lang='lat' dir='ltr'><strong>aliena,</strong></span> <span class='ocrx_word' id='word_1_167' title='bbox 482 2322 533 2384; x_wconf 90' lang='lat' dir='ltr'><strong>sed</strong></span> <span class='ocrx_word' id='word_1_168' title='bbox 557 2341 591 2384; x_wconf 95' lang='lat' dir='ltr'><strong>ea</strong></span> <span class='ocrx_word' id='word_1_169' title='bbox 613 2340 732 2403; x_wconf 91' lang='lat' dir='ltr'><strong>quoque</strong></span> <span class='ocrx_word' id='word_1_170' title='bbox 754 2324 872 2401; x_wconf 91' lang='lat' dir='ltr'><strong>antiqua</strong></span> <span class='ocrx_word' id='word_1_171' title='bbox 896 2322 998 2401; x_wconf 89' lang='lat' dir='ltr'><strong>scripti</strong></span> <span class='ocrx_word' id='word_1_172' title='bbox 1021 2330 1099 2383; x_wconf 90' lang='lat' dir='ltr'><strong>sunt.</strong></span> <span class='ocrx_word' id='word_1_173' title='bbox 1137 2320 1260 2382; x_wconf 87' lang='lat' dir='ltr'><strong>Videtur</strong></span> <span class='ocrx_word' id='word_1_174' title='bbox 1282 2329 1383 2382; x_wconf 92' lang='lat' dir='ltr'><strong>autem</strong></span> 
     </span>
     <span class='ocr_line' id='line_1_21' title="bbox 243 2423 1386 2516; baseline -0.002 -31"><span class='ocrx_word' id='word_1_175' title='bbox 243 2424 367 2486; x_wconf 88' lang='lat' dir='ltr'><strong>lledioei</strong></span> <span class='ocrx_word' id='word_1_176' title='bbox 388 2423 527 2486; x_wconf 90' lang='lat' dir='ltr'><strong>librarius</strong></span> <span class='ocrx_word' id='word_1_177' title='bbox 555 2426 654 2486; x_wconf 90' lang='lat' dir='ltr'><strong>nescio</strong></span> <span class='ocrx_word' id='word_1_178' title='bbox 683 2444 740 2504; x_wconf 92' lang='lat' dir='ltr'><strong>quo</strong></span> <span class='ocrx_word' id='word_1_179' title='bbox 769 2443 839 2486; x_wconf 90' lang='lat' dir='ltr'><strong>casu</strong></span> <span class='ocrx_word' id='word_1_180' title='bbox 868 2423 947 2516; x_wconf 75' lang='lat' dir='ltr'><strong>hunc</strong></span> <span class='ocrx_word' id='word_1_181' title='bbox 974 2424 1071 2486; x_wconf 92' lang='lat' dir='ltr'><strong>locum</strong></span> <span class='ocrx_word' id='word_1_182' title='bbox 1100 2425 1235 2484; x_wconf 90' lang='lat' dir='ltr'><strong>omisisse</strong></span> <span class='ocrx_word' id='word_1_183' title='bbox 1263 2430 1386 2502; x_wconf 87' lang='lat' dir='ltr'><strong>praeter</strong></span> 
     </span>
     <span class='ocr_line' id='line_1_22' title="bbox 243 2522 1386 2607; baseline 0 -23"><span class='ocrx_word' id='word_1_184' title='bbox 243 2545 269 2586; x_wconf 90' lang='lat' dir='ltr'><strong>v.</strong></span> <span class='ocrx_word' id='word_1_185' title='bbox 292 2522 460 2588; x_wconf 78' lang='lat'>582-585</span> <span class='ocrx_word' id='word_1_186' title='bbox 483 2527 584 2606; x_wconf 91' lang='lat' dir='ltr'><strong>quiin</strong></span> <span class='ocrx_word' id='word_1_187' title='bbox 607 2545 721 2588; x_wconf 88' lang='lat' dir='ltr'><strong>somma</strong></span> <span class='ocrx_word' id='word_1_188' title='bbox 743 2527 850 2605; x_wconf 86' lang='lat' dir='ltr'><strong>pagina</strong></span> <span class='ocrx_word' id='word_1_189' title='bbox 872 2533 1015 2607; x_wconf 88' lang='lat' dir='ltr'><strong>sequente</strong></span> <span class='ocrx_word' id='word_1_190' title='bbox 1038 2533 1145 2588; x_wconf 83' lang='lat' dir='ltr'><strong>extant.</strong></span> <span class='ocrx_word' id='word_1_191' title='bbox 1191 2523 1275 2596; x_wconf 84' lang='lat' dir='ltr'><strong>Quod</strong></span> <span class='ocrx_word' id='word_1_192' title='bbox 1299 2524 1386 2585; x_wconf 83' lang='lat' dir='ltr'><strong>deest</strong></span> 
     </span>
    </p>
   </div>
   <div class='ocr_carea' id='block_1_3' title="bbox 244 2622 1385 2792">
    <p class='ocr_par' dir='ltr' id='par_1_4' title="bbox 244 2622 1385 2792">
     <span class='ocr_line' id='line_1_23' title="bbox 245 2622 1385 2707; baseline -0.002 -19"><span class='ocrx_word' id='word_1_193' title='bbox 245 2630 274 2688; x_wconf 91' lang='lat' dir='ltr'><strong>in</strong></span> <span class='ocrx_word' id='word_1_194' title='bbox 304 2630 369 2707; x_wconf 92' lang='lat' dir='ltr'><strong>ipso</strong></span> <span class='ocrx_word' id='word_1_195' title='bbox 391 2626 523 2688; x_wconf 88' lang='lat' dir='ltr'><strong>Mediceo</strong></span> <span class='ocrx_word' id='word_1_196' title='bbox 551 2627 654 2689; x_wconf 87' lang='lat' dir='ltr'><strong>lolium</strong></span> <span class='ocrx_word' id='word_1_197' title='bbox 682 2629 753 2689; x_wconf 80' lang='lat' dir='ltr'><strong>lien.</strong></span> <span class='ocrx_word' id='word_1_198' title='bbox 778 2627 842 2688; x_wconf 88' lang='lat' dir='ltr'><strong>Vlll</strong></span> <span class='ocrx_word' id='word_1_199' title='bbox 863 2623 1031 2690; x_wconf 82' lang='lat'>585-613</span> <span class='ocrx_word' id='word_1_200' title='bbox 1060 2635 1090 2688; x_wconf 89' lang='lat' dir='ltr'><strong>et</strong></span> <span class='ocrx_word' id='word_1_201' title='bbox 1117 2622 1284 2687; x_wconf 86' lang='grc'>614-642</span> <span class='ocrx_word' id='word_1_202' title='bbox 1313 2643 1385 2686; x_wconf 91' lang='lat' dir='ltr'><strong>con·</strong></span> 
     </span>
     <span class='ocr_line' id='line_1_24' title="bbox 244 2729 929 2792; baseline -0.003 -1"><span class='ocrx_word' id='word_1_203' title='bbox 244 2732 341 2792; x_wconf 89' lang='lat' dir='ltr'><strong>linens</strong></span> <span class='ocrx_word' id='word_1_204' title='bbox 367 2730 503 2791; x_wconf 86' lang='lat' dir='ltr'><strong>Vaticano</strong></span> <span class='ocrx_word' id='word_1_205' title='bbox 526 2733 556 2792; x_wconf 87' lang='lat' dir='ltr'><em>F</em></span> <span class='ocrx_word' id='word_1_206' title='bbox 575 2732 604 2790; x_wconf 92' lang='lat' dir='ltr'><strong>in</strong></span> <span class='ocrx_word' id='word_1_207' title='bbox 627 2731 685 2791; x_wconf 85' lang='lat' dir='ltr'><strong>fine</strong></span> <span class='ocrx_word' id='word_1_208' title='bbox 707 2729 853 2792; x_wconf 83' lang='lat' dir='ltr'><strong>adnexum</strong></span> <span class='ocrx_word' id='word_1_209' title='bbox 877 2737 929 2790; x_wconf 90' lang='lat' dir='ltr'><strong>est.</strong></span> 
     </span>
    </p>
   </div>
   <div class='ocr_carea' id='block_1_4' title="bbox 244 2846 1392 3436">
    <p class='ocr_par' dir='ltr' id='par_1_5' title="bbox 244 2846 1392 3436">
     <span class='ocr_line' id='line_1_25' title="bbox 328 2846 1386 2930; baseline -0.002 -21"><span class='ocrx_word' id='word_1_210' title='bbox 328 2849 521 2928; x_wconf 89' lang='lat' dir='ltr'><strong>Scripturam,</strong></span> <span class='ocrx_word' id='word_1_211' title='bbox 546 2851 629 2910; x_wconf 91' lang='lat' dir='ltr'><strong>ouius</strong></span> <span class='ocrx_word' id='word_1_212' title='bbox 651 2851 802 2930; x_wconf 88' lang='lat' dir='ltr'><strong>specimen</strong></span> <span class='ocrx_word' id='word_1_213' title='bbox 826 2847 960 2910; x_wconf 87' lang='lat' dir='ltr'><strong>exhibuit</strong></span> <span class='ocrx_word' id='word_1_214' title='bbox 981 2851 1012 2909; x_wconf 93' lang='lat' dir='ltr'><strong>in</strong></span> <span class='ocrx_word' id='word_1_215' title='bbox 1034 2849 1127 2930; x_wconf 89' lang='lat' dir='ltr'><strong>prael.</strong></span> <span class='ocrx_word' id='word_1_216' title='bbox 1151 2867 1180 2927; x_wconf 93' lang='lat' dir='ltr'><strong>p.</strong></span> <span class='ocrx_word' id='word_1_217' title='bbox 1205 2847 1254 2908; x_wconf 89' lang='lat' dir='ltr'><strong>XV</strong></span> <span class='ocrx_word' id='word_1_218' title='bbox 1276 2846 1386 2926; x_wconf 84' lang='lat' dir='ltr'><strong>Foggi·</strong></span> 
     </span>
     <span class='ocr_line' id='line_1_26' title="bbox 249 2949 1387 3030; baseline -0.001 -19"><span class='ocrx_word' id='word_1_219' title='bbox 249 2952 325 3021; x_wconf 92' lang='lat' dir='ltr'><strong>nius,</strong></span> <span class='ocrx_word' id='word_1_220' title='bbox 349 2950 478 3012; x_wconf 85' lang='lat' dir='ltr'><strong>Valentis</strong></span> <span class='ocrx_word' id='word_1_221' title='bbox 500 2959 551 3012; x_wconf 90' lang='lat' dir='ltr'><strong>aut</strong></span> <span class='ocrx_word' id='word_1_222' title='bbox 571 2950 730 3012; x_wconf 85' lang='lat' dir='ltr'><strong>Theodosii</strong></span> <span class='ocrx_word' id='word_1_223' title='bbox 753 2960 903 3030; x_wconf 89' lang='lat' dir='ltr'><strong>tempora,</strong></span> <span class='ocrx_word' id='word_1_224' title='bbox 933 2950 961 3011; x_wconf 93' lang='lat' dir='ltr'><strong>h.</strong></span> <span class='ocrx_word' id='word_1_225' title='bbox 986 2969 1011 3011; x_wconf 91' lang='lat' dir='ltr'><strong>e.</strong></span> <span class='ocrx_word' id='word_1_226' title='bbox 1041 2951 1138 3029; x_wconf 91' lang='lat' dir='ltr'><strong>quarti</strong></span> <span class='ocrx_word' id='word_1_227' title='bbox 1159 2949 1269 3011; x_wconf 89' lang='lat' dir='ltr'><strong>saeculi</strong></span> <span class='ocrx_word' id='word_1_228' title='bbox 1295 2949 1387 3010; x_wconf 76' lang='grc' dir='ltr'><strong>ιιιιειιι</strong></span> 
     </span>
     <span class='ocr_line' id='line_1_27' title="bbox 245 3049 1387 3134; baseline -0.002 -20"><span class='ocrx_word' id='word_1_229' title='bbox 245 3053 373 3134; x_wconf 87' lang='lat' dir='ltr'><strong>prodere</strong></span> <span class='ocrx_word' id='word_1_230' title='bbox 396 3053 490 3115; x_wconf 90' lang='lat' dir='ltr'><strong>Lnoas</strong></span> <span class='ocrx_word' id='word_1_231' title='bbox 512 3052 685 3115; x_wconf 90' lang='lat' dir='ltr'><strong>llolstenius</strong></span> <span class='ocrx_word' id='word_1_232' title='bbox 707 3055 880 3122; x_wconf 83' lang='lat' dir='ltr'><strong>aestimavit,</strong></span> <span class='ocrx_word' id='word_1_233' title='bbox 905 3054 1099 3132; x_wconf 87' lang='lat' dir='ltr'><strong>antiquiorem</strong></span> <span class='ocrx_word' id='word_1_234' title='bbox 1124 3053 1211 3112; x_wconf 91' lang='lat' dir='ltr'><strong>etiam</strong></span> <span class='ocrx_word' id='word_1_235' title='bbox 1234 3049 1387 3113; x_wconf 78' lang='lat' dir='ltr'><strong>bottarius</strong></span> 
     </span>
     <span class='ocr_line' id='line_1_28' title="bbox 244 3139 1392 3235; baseline -0.003 -19"><span class='ocrx_word' id='word_1_236' title='bbox 244 3157 337 3235; x_wconf 92' lang='lat' dir='ltr'><strong>prael.</strong></span> <span class='ocrx_word' id='word_1_237' title='bbox 361 3156 416 3216; x_wconf 93' lang='lat' dir='ltr'><strong>llll</strong></span> <span class='ocrx_word' id='word_1_238' title='bbox 437 3154 550 3217; x_wconf 91' lang='lat' dir='ltr'><strong>habuit.</strong></span> <span class='ocrx_word' id='word_1_239' title='bbox 600 3154 657 3215; x_wconf 92' lang='lat' dir='ltr'><strong>Sed</strong></span> <span class='ocrx_word' id='word_1_240' title='bbox 681 3154 717 3216; x_wconf 92' lang='lat' dir='ltr'><strong>de</strong></span> <span class='ocrx_word' id='word_1_241' title='bbox 740 3153 795 3216; x_wconf 90' lang='lat' dir='ltr'><strong>hac</strong></span> <span class='ocrx_word' id='word_1_242' title='bbox 817 3156 894 3216; x_wconf 89' lang='lat' dir='ltr'><strong>inira</strong></span> <span class='ocrx_word' id='word_1_243' title='bbox 918 3154 1089 3216; x_wconf 87' lang='lat' dir='ltr'><strong>ridebimus.</strong></span> <span class='ocrx_word' id='word_1_244' title='bbox 1140 3155 1277 3216; x_wconf 79' lang='lat' dir='ltr'><strong>Correxit</strong></span> <span class='ocrx_word' id='word_1_245' title='bbox 1303 3139 1392 3214; x_wconf 68' lang='lat' dir='ltr'><strong>codi-¹</strong></span> 
     </span>
     <span class='ocr_line' id='line_1_29' title="bbox 246 3256 1389 3338; baseline -0.004 -20"><span class='ocrx_word' id='word_1_246' title='bbox 246 3275 311 3318; x_wconf 88' lang='lat' dir='ltr'><strong>cem</strong></span> <span class='ocrx_word' id='word_1_247' title='bbox 332 3259 439 3337; x_wconf 91' lang='lat' dir='ltr'><strong>partim</strong></span> <span class='ocrx_word' id='word_1_248' title='bbox 464 3257 566 3318; x_wconf 88' lang='lat' dir='ltr'><strong>eadem</strong></span> <span class='ocrx_word' id='word_1_249' title='bbox 589 3275 694 3318; x_wconf 91' lang='lat' dir='ltr'><strong>manus</strong></span> <span class='ocrx_word' id='word_1_250' title='bbox 716 3275 791 3336; x_wconf 89' lang='lat' dir='ltr'><strong>qnae</strong></span> <span class='ocrx_word' id='word_1_251' title='bbox 814 3259 974 3338; x_wconf 88' lang='lat' dir='ltr'><strong>scripserat</strong></span> <span class='ocrx_word' id='word_1_252' title='bbox 996 3262 1169 3326; x_wconf 92' lang='lat' dir='ltr'><strong>atramento,</strong></span> <span class='ocrx_word' id='word_1_253' title='bbox 1197 3256 1305 3334; x_wconf 88' lang='lat' dir='ltr'><strong>partim</strong></span> <span class='ocrx_word' id='word_1_254' title='bbox 1329 3256 1389 3314; x_wconf 85' lang='lat' dir='ltr'><strong>mi··</strong></span> 
     </span>
     <span class='ocr_line' id='line_1_30' title="bbox 246 3356 1388 3436; baseline -0.002 -16"><span class='ocrx_word' id='word_1_255' title='bbox 246 3361 296 3420; x_wconf 93' lang='lat' dir='ltr'><strong>nio</strong></span> <span class='ocrx_word' id='word_1_256' title='bbox 319 3359 430 3429; x_wconf 89' lang='lat' dir='ltr'><strong>aliena,</strong></span> <span class='ocrx_word' id='word_1_257' title='bbox 463 3358 515 3420; x_wconf 89' lang='lat' dir='ltr'><strong>sed</strong></span> <span class='ocrx_word' id='word_1_258' title='bbox 539 3367 572 3420; x_wconf 91' lang='lat' dir='ltr'><strong>ut</strong></span> <span class='ocrx_word' id='word_1_259' title='bbox 593 3359 713 3420; x_wconf 91' lang='lat' dir='ltr'><strong>miniata</strong></span> <span class='ocrx_word' id='word_1_260' title='bbox 737 3375 854 3436; x_wconf 90' lang='lat' dir='ltr'><strong>quoque</strong></span> <span class='ocrx_word' id='word_1_261' title='bbox 876 3358 925 3420; x_wconf 89' lang='lat' dir='ltr'><strong>bie</strong></span> <span class='ocrx_word' id='word_1_262' title='bbox 948 3356 1006 3419; x_wconf 91' lang='lat' dir='ltr'><strong>illio</strong></span> <span class='ocrx_word' id='word_1_263' title='bbox 1029 3357 1207 3436; x_wconf 88' lang='lat' dir='ltr'><strong>superducta</strong></span> <span class='ocrx_word' id='word_1_264' title='bbox 1231 3356 1388 3418; x_wconf 85' lang='lat' dir='ltr'><strong>videantur</strong></span> 
     </span>
    </p>
   </div>
   <div class='ocr_carea' id='block_1_5' title="bbox 245 3455 1387 3624">
    <p class='ocr_par' dir='ltr' id='par_1_6' title="bbox 245 3455 1387 3624">
     <span class='ocr_line' id='line_1_31' title="bbox 245 3455 1387 3537; baseline -0.001 -16"><span class='ocrx_word' id='word_1_265' title='bbox 245 3468 429 3530; x_wconf 87' lang='lat' dir='ltr'><strong>atramento,</strong></span> <span class='ocrx_word' id='word_1_266' title='bbox 464 3460 569 3522; x_wconf 92' lang='lat' dir='ltr'><strong>litteris</strong></span> <span class='ocrx_word' id='word_1_267' title='bbox 602 3462 688 3521; x_wconf 91' lang='lat' dir='ltr'><strong>etiam</strong></span> <span class='ocrx_word' id='word_1_268' title='bbox 722 3460 897 3522; x_wconf 89' lang='lat' dir='ltr'><strong>minusculis</strong></span> <span class='ocrx_word' id='word_1_269' title='bbox 930 3458 1068 3521; x_wconf 90' lang='lat' dir='ltr'><strong>adhibitis</strong></span> <span class='ocrx_word' id='word_1_270' title='bbox 1095 3478 1120 3520; x_wconf 91' lang='lat' dir='ltr'><strong>e.</strong></span> <span class='ocrx_word' id='word_1_271' title='bbox 1145 3478 1170 3520; x_wconf 92' lang='lat' dir='ltr'><strong>c.</strong></span> <span class='ocrx_word' id='word_1_272' title='bbox 1204 3477 1250 3537; x_wconf 84' lang='lat' dir='ltr'><strong>ge.</strong></span> <span class='ocrx_word' id='word_1_273' title='bbox 1275 3458 1300 3518; x_wconf 97' lang='lat' dir='ltr'><strong>ll</strong></span> <span class='ocrx_word' id='word_1_274' title='bbox 1326 3455 1387 3520; x_wconf 93' lang='grc'><strong>187</strong></span> 
     </span>
     <span class='ocr_line' id='line_1_32' title="bbox 246 3557 1003 3624; baseline -0.001 -2"><span class='ocrx_word' id='word_1_275' title='bbox 246 3562 298 3622; x_wconf 95' lang='lat' dir='ltr'><strong>llll</strong></span> <span class='ocrx_word' id='word_1_276' title='bbox 320 3559 394 3624; x_wconf 90' lang='grc'>461.</span> <span class='ocrx_word' id='word_1_277' title='bbox 418 3559 490 3623; x_wconf 90' lang='grc'>464.</span> <span class='ocrx_word' id='word_1_278' title='bbox 514 3559 577 3623; x_wconf 93' lang='grc'><strong>482</strong></span> <span class='ocrx_word' id='word_1_279' title='bbox 613 3562 685 3621; x_wconf 79' lang='lat' dir='ltr'><strong>Aen.</strong></span> <span class='ocrx_word' id='word_1_280' title='bbox 710 3560 737 3622; x_wconf 96' lang='lat' dir='ltr'><strong>ll</strong></span> <span class='ocrx_word' id='word_1_281' title='bbox 758 3558 818 3624; x_wconf 94' lang='grc'><strong>281</strong></span> <span class='ocrx_word' id='word_1_282' title='bbox 856 3557 1003 3624; x_wconf 87' lang='lat' dir='ltr'><strong>X11588.</strong></span> 
     </span>
    </p>
   </div>
   <div class='ocr_carea' id='block_1_6' title="bbox 246 3696 1403 3879">
    <p class='ocr_par' dir='ltr' id='par_1_7' title="bbox 246 3696 1403 3879">
     <span class='ocr_line' id='line_1_33' title="bbox 330 3696 1387 3792; baseline -0.001 -35"><span class='ocrx_word' id='word_1_283' title='bbox 330 3697 381 3757; x_wconf 91' lang='lat' dir='ltr'><strong>Sat</strong></span> <span class='ocrx_word' id='word_1_284' title='bbox 403 3697 503 3759; x_wconf 90' lang='lat' dir='ltr'><strong>multis</strong></span> <span class='ocrx_word' id='word_1_285' title='bbox 526 3697 598 3760; x_wconf 90' lang='lat' dir='ltr'><strong>locis</strong></span> <span class='ocrx_word' id='word_1_286' title='bbox 621 3705 773 3759; x_wconf 87' lang='lat' dir='ltr'><strong>corrector</strong></span> <span class='ocrx_word' id='word_1_287' title='bbox 790 3716 861 3759; x_wconf 92' lang='lat' dir='ltr'><strong>usus</strong></span> <span class='ocrx_word' id='word_1_288' title='bbox 876 3706 922 3758; x_wconf 92' lang='lat' dir='ltr'><strong>est</strong></span> <span class='ocrx_word' id='word_1_289' title='bbox 936 3703 1032 3775; x_wconf 84' lang='lat' dir='ltr'><strong>apice,</strong></span> <span class='ocrx_word' id='word_1_290' title='bbox 1057 3699 1177 3758; x_wconf 88' lang='lat' dir='ltr'><strong>miniato</strong></span> <span class='ocrx_word' id='word_1_291' title='bbox 1196 3696 1387 3792; x_wconf 79' lang='lat' dir='ltr'><strong>plerumque,</strong></span> 
     </span>
     <span class='ocr_line' id='line_1_34' title="bbox 246 3795 1403 3879; baseline 0.005 -21"><span class='ocrx_word' id='word_1_292' title='bbox 246 3817 303 3878; x_wconf 93' lang='lat' dir='ltr'><strong>qno</strong></span> <span class='ocrx_word' id='word_1_293' title='bbox 326 3798 370 3859; x_wconf 86' lang='lat' dir='ltr'><strong>vel</strong></span> <span class='ocrx_word' id='word_1_294' title='bbox 394 3799 548 3860; x_wconf 86' lang='lat' dir='ltr'><strong>delendam</strong></span> <span class='ocrx_word' id='word_1_295' title='bbox 571 3799 699 3860; x_wconf 90' lang='lat' dir='ltr'><strong>litteram</strong></span> <span class='ocrx_word' id='word_1_296' title='bbox 722 3801 908 3879; x_wconf 85' lang='lat' dir='ltr'><strong>significaret,</strong></span> <span class='ocrx_word' id='word_1_297' title='bbox 932 3808 964 3860; x_wconf 91' lang='lat' dir='ltr'><strong>ut</strong></span> <span class='ocrx_word' id='word_1_298' title='bbox 979 3802 1049 3860; x_wconf 80' lang='lat' dir='ltr'><strong>Aen.</strong></span> <span class='ocrx_word' id='word_1_299' title='bbox 1074 3800 1086 3860; x_wconf 97' lang='lat' dir='ltr'><strong>l</strong></span> <span class='ocrx_word' id='word_1_300' title='bbox 1111 3795 1171 3858; x_wconf 90' lang='grc'><strong>122</strong></span> <span class='ocrx_word' id='word_1_301' title='bbox 1193 3797 1327 3860; x_wconf 85' lang='lat' dir='ltr'><strong>HlEblPS</strong></span> <span class='ocrx_word' id='word_1_302' title='bbox 1351 3799 1403 3864; x_wconf 63' lang='lat' dir='ltr'><strong>Vl,</strong></span> 
     </span>
    </p>
   </div>
   <div class='ocr_carea' id='block_1_7' title="bbox 244 3897 1389 4440">
    <p class='ocr_par' dir='ltr' id='par_1_8' title="bbox 244 3897 1389 4440">
     <span class='ocr_line' id='line_1_35' title="bbox 244 3897 1387 4030; baseline -0.002 -16"><span class='ocrx_word' id='word_1_303' title='bbox 244 3949 307 4014; x_wconf 82' lang='lat'><strong>445</strong></span> <span class='ocrx_word' id='word_1_304' title='bbox 329 3897 527 4014; x_wconf 67' lang='lat' dir='ltr'><strong>mutuatu</strong></span> <span class='ocrx_word' id='word_1_305' title='bbox 550 3907 613 4013; x_wconf 88' lang='lat' dir='ltr'><strong>Vlll</strong></span> <span class='ocrx_word' id='word_1_306' title='bbox 622 3949 698 4024; x_wconf 90' lang='grc'><strong>206</strong></span> <span class='ocrx_word' id='word_1_307' title='bbox 721 3932 911 4022; x_wconf 75' lang='lat' dir='ltr'><strong>FUlSSEllT,</strong></span> <span class='ocrx_word' id='word_1_308' title='bbox 935 3952 979 4013; x_wconf 88' lang='lat' dir='ltr'><strong>vel</strong></span> <span class='ocrx_word' id='word_1_309' title='bbox 1008 3951 1228 4030; x_wconf 85' lang='lat' dir='ltr'><strong>corrigendam,</strong></span> <span class='ocrx_word' id='word_1_310' title='bbox 1260 3959 1293 4011; x_wconf 90' lang='lat' dir='ltr'><strong>ut</strong></span> <span class='ocrx_word' id='word_1_311' title='bbox 1312 3951 1387 4012; x_wconf 75' lang='lat' dir='ltr'><strong>Aen.</strong></span> 
     </span>
     <span class='ocr_line' id='line_1_36' title="bbox 245 4011 1387 4153; baseline 0 -39"><span class='ocrx_word' id='word_1_312' title='bbox 245 4054 293 4115; x_wconf 88' lang='lat' dir='ltr'><strong>vu</strong></span> <span class='ocrx_word' id='word_1_313' title='bbox 318 4051 358 4115; x_wconf 80' lang='grc' dir='ltr'><strong>ιι</strong></span> <span class='ocrx_word' id='word_1_314' title='bbox 387 4049 515 4153; x_wconf 74' lang='lat' dir='ltr'><strong>qamma]</strong></span> <span class='ocrx_word' id='word_1_315' title='bbox 540 4011 1129 4142; x_wconf 76' lang='lat' dir='ltr'><strong>unauna,102rauu]dauu1‚rx</strong></span> <span class='ocrx_word' id='word_1_316' title='bbox 1154 4047 1280 4138; x_wconf 72' lang='lat' dir='ltr'><strong>resno]</strong></span> <span class='ocrx_word' id='word_1_317' title='bbox 1308 4036 1387 4124; x_wconf 76' lang='lat' dir='ltr'><strong>nn,</strong></span> 
     </span>
     <span class='ocr_line' id='line_1_37' title="bbox 244 4132 1389 4246; baseline -0.001 -29"><span class='ocrx_word' id='word_1_318' title='bbox 244 4153 306 4217; x_wconf 91' lang='grc'><strong>617</strong></span> <span class='ocrx_word' id='word_1_319' title='bbox 315 4132 417 4246; x_wconf 74' lang='grc' dir='ltr'>ο]ό,</span> <span class='ocrx_word' id='word_1_320' title='bbox 443 4155 486 4216; x_wconf 84' lang='lat' dir='ltr'><strong>vel</strong></span> <span class='ocrx_word' id='word_1_321' title='bbox 504 4156 690 4217; x_wconf 83' lang='lat' dir='ltr'><strong>efferendam</strong></span> <span class='ocrx_word' id='word_1_322' title='bbox 713 4157 852 4226; x_wconf 80' lang='lat' dir='ltr'><strong>vocalem,</strong></span> <span class='ocrx_word' id='word_1_323' title='bbox 878 4167 911 4218; x_wconf 93' lang='lat' dir='ltr'><strong>ut</strong></span> <span class='ocrx_word' id='word_1_324' title='bbox 931 4157 1167 4244; x_wconf 89' lang='lat' dir='ltr'><strong>praepositiones</strong></span> <span class='ocrx_word' id='word_1_325' title='bbox 1190 4137 1213 4214; x_wconf 67' lang='lat'><strong>14</strong></span> <span class='ocrx_word' id='word_1_326' title='bbox 1237 4155 1309 4214; x_wconf 76' lang='lat' dir='ltr'><strong>Aen.</strong></span> <span class='ocrx_word' id='word_1_327' title='bbox 1334 4154 1389 4216; x_wconf 92' lang='lat' dir='ltr'><strong>llll</strong></span> 
     </span>
     <span class='ocr_line' id='line_1_38' title="bbox 244 4242 1387 4328; baseline -0.001 -10"><span class='ocrx_word' id='word_1_328' title='bbox 244 4255 322 4328; x_wconf 85' lang='lat'>656,</span> <span class='ocrx_word' id='word_1_329' title='bbox 353 4242 429 4319; x_wconf 78' lang='lat' dir='ltr'><strong>un&#39;</strong></span> <span class='ocrx_word' id='word_1_330' title='bbox 462 4259 534 4318; x_wconf 81' lang='lat' dir='ltr'><strong>Aen.</strong></span> <span class='ocrx_word' id='word_1_331' title='bbox 558 4258 598 4319; x_wconf 96' lang='lat' dir='ltr'><strong>lll</strong></span> <span class='ocrx_word' id='word_1_332' title='bbox 623 4256 683 4319; x_wconf 88' lang='grc'><strong>176</strong></span> <span class='ocrx_word' id='word_1_333' title='bbox 723 4258 774 4319; x_wconf 96' lang='lat' dir='ltr'><strong>llll</strong></span> <span class='ocrx_word' id='word_1_334' title='bbox 797 4255 869 4319; x_wconf 86' lang='grc'><strong>672.</strong></span> <span class='ocrx_word' id='word_1_335' title='bbox 892 4255 955 4320; x_wconf 83' lang='grc'><strong>586</strong></span> <span class='ocrx_word' id='word_1_336' title='bbox 998 4254 1114 4318; x_wconf 73' lang='lat' dir='ltr'><strong>ratu.</strong></span> <span class='ocrx_word' id='word_1_337' title='bbox 1138 4253 1201 4318; x_wconf 89' lang='lat'><strong>644</strong></span> <span class='ocrx_word' id='word_1_338' title='bbox 1242 4255 1291 4316; x_wconf 88' lang='lat' dir='ltr'><strong>Vll</strong></span> <span class='ocrx_word' id='word_1_339' title='bbox 1316 4253 1387 4326; x_wconf 90' lang='grc'>178,</span> 
     </span>
     <span class='ocr_line' id='line_1_39' title="bbox 245 4341 1387 4440; baseline -0.001 -20"><span class='ocrx_word' id='word_1_340' title='bbox 245 4361 331 4422; x_wconf 88' lang='lat' dir='ltr'><strong>etiam</strong></span> <span class='ocrx_word' id='word_1_341' title='bbox 353 4362 385 4421; x_wconf 91' lang='lat' dir='ltr'><strong>in</strong></span> <span class='ocrx_word' id='word_1_342' title='bbox 407 4361 580 4440; x_wconf 87' lang='lat' dir='ltr'><strong>compositis</strong></span> <span class='ocrx_word' id='word_1_343' title='bbox 602 4367 634 4421; x_wconf 91' lang='lat' dir='ltr'><strong>ut</strong></span> <span class='ocrx_word' id='word_1_344' title='bbox 648 4344 801 4421; x_wconf 75' lang='lat' dir='ltr'><strong>duratii</strong></span> <span class='ocrx_word' id='word_1_345' title='bbox 825 4362 896 4421; x_wconf 80' lang='lat' dir='ltr'><strong>Aen.</strong></span> <span class='ocrx_word' id='word_1_346' title='bbox 912 4356 1019 4429; x_wconf 83' lang='lat' dir='ltr'>v269,</span> <span class='ocrx_word' id='word_1_347' title='bbox 1043 4343 1157 4420; x_wconf 75' lang='lat' dir='ltr'><strong>Elill‘E</strong></span> <span class='ocrx_word' id='word_1_348' title='bbox 1172 4355 1244 4426; x_wconf 87' lang='grc'>690,</span> <span class='ocrx_word' id='word_1_349' title='bbox 1268 4341 1387 4419; x_wconf 68' lang='grc'>8006-</span> 
     </span>
    </p>
   </div>
   <div class='ocr_carea' id='block_1_8' title="bbox 0 0 1487 4906">
    <p class='ocr_par' dir='ltr' id='par_1_9' title="bbox 0 0 1487 4906">
     <span class='ocr_line' id='line_1_40' title="bbox 0 0 1487 4906; baseline 0 0"><span class='ocrx_word' id='word_1_350' title='bbox 0 0 1487 4906; x_wconf 95' lang='lat' dir='ltr'><strong> </strong></span> 
     </span>
    </p>
   </div>
  </div>
 </body>
</html>
