2956 4906
541 369 785 416 rnousuurmnn.
965 425 967 430 Ι
1166 345 1230 424 223

176 542 388 602 llisseruerunt
410 540 447 600 de
469 539 525 600 hoc
547 539 632 601 titulo
655 550 723 620 post
744 539 895 602 Nicolaum
919 540 1072 600 llcinsium
1097 539 1136 619 (in
1159 542 1230 602 Ver-

91 642 162 720 gilio
179 644 398 704 Burmanniano
421 642 433 702 Ι
455 661 483 721 p.
500 641 618 702 XXXVI
635 640 709 721 sqq.)
733 637 903 720 multosque
925 641 997 701 alios
1019 649 1121 702 nostra
1136 650 1231 701 aetate

90 747 231 824 inprimis
247 745 280 805 0.
299 743 420 804 lahnius
442 745 471 803 in
485 745 742 804 commentatione
765 743 802 803 de
817 742 1083 822 subscriptionibus
1104 744 1232 819 antiquis

92 846 170 924 (acta
192 865 253 906 soc
277 844 333 905 litt.
357 845 437 924 Lips.
463 841 542 906 1851
571 864 601 924 p.
625 841 687 905 348
709 844 783 924 sqq.)
813 853 843 904 et
870 844 995 905 loannes
1017 844 1174 905 llorlrclius
1202 847 1231 904 in

91 947 232 1008 analectis
254 947 423 1008 Horatianis
445 965 473 1025 p.
500 935 539 1005 10
560 961 623 1024 sqq.
868 971 872 978 ν

174 1053 352 1128 decertum
376 1047 445 1107 inde
467 1047 524 1107 boc
553 1047 709 1115 discimus,
733 1045 857 1125 legisse,
881 1045 911 1107 h.
935 1065 961 1106 e.
984 1047 1109 1125 legendo
1133 1066 1232 1108 euren-

91 1151 206 1210 davisse
237 1156 266 1210 et
295 1149 462 1208 distinxisse
489 1148 611 1226 Vergilii
639 1149 769 1209 carmina
797 1150 828 1209 in
857 1149 959 1208 codice
987 1150 1087 1209 iratris
1114 1134 1253 1210 blacerii

93 1253 236 1313 Porcium
260 1253 379 1324 Rufium
403 1253 609 1326 Apronianum
632 1253 781 1311 Asterium
809 1268 887 1310 anno
916 1269 945 1329 p.
976 1248 1042 1311 Chr.
1065 1247 1145 1320 494,
1175 1270 1232 1330 quo

90 1353 193 1414 consul
217 1354 272 1414 luit
294 1351 471 1413 ordinarius,

123 1461 129 1474 '
175 1455 233 1514 Sed
256 1457 319 1534 ipsa
342 1452 571 1532 subscriptionis
593 1453 683 1514 rerba
706 1471 772 1514 curn
802 1454 909 1532 partim
938 1461 1093 1533 corrupta,
1124 1455 1230 1533 partim

95 1565 229 1616 correcta
251 1558 281 1616 in
304 1557 437 1633 margine
460 1555 504 1615 vel
527 1572 615 1634 supra
638 1561 749 1615 textum
773 1554 860 1624 bodie
883 1555 1028 1633 legantur,
1056 1556 1121 1615 iure
1144 1573 1231 1632 nega·

96 1665 202 1717 verunt
223 1658 279 1716 riri
301 1656 380 1716 docti
402 1656 565 1717 lllcdicoum
588 1663 722 1716 nostrum
748 1658 846 1736 ipsum
869 1657 987 1717 ¹blacarii
1016 1656 1166 1736 exemplar
1189 1655 1234 1716 vel

95 1757 344 1838 subscriptionem
366 1760 429 1838 ipsa
451 1758 611 1838 Aproniani
634 1775 723 1817 mann
746 1766 849 1818 nostro
871 1761 1011 1819 insertam
1036 1777 1110 1820 esse.
1160 1759 1233 1819 Nam

97 1879 133 1920 eo
157 1879 229 1920 sanc
258 1862 418 1938 confugero
446 1862 539 1939 possit
567 1860 618 1936 qui
646 1857 718 1919 illud
746 1861 925 1938 pertinacius
953 1860 1133 1921 contendere
1157 1858 1232 1928 volit,

95 1971 129 2024 ut
152 1963 292 2031 coniciet,
329 1961 483 2023 librarium
512 1959 642 2020 consulis
663 1962 840 2039 inperitum,
873 1980 932 2022 non
960 1963 1058 2042 ipsum
1081 1959 1243 2021 consulem

96 2063 184 2125 verba
209 2063 257 2124 illa
281 2065 392 2124 cursim
415 2063 452 2124 ab
475 2070 596 2124 auctore
618 2063 649 2121 in
672 2061 803 2124 chartam
827 2065 958 2124 coniecta
981 2049 1123 2124 mendose
1138 2065 1168 2121 in
1184 2081 1233 2122 co·

95 2165 191 2225 dicem
215 2166 450 2244 transcripsisse.
495 2166 531 2223 dt
552 2165 723 2242 gravissima
745 2165 878 2244 suspicio
899 2166 1031 2225 nascitur
1047 2184 1169 2244 prorsus
1191 2163 1234 2222 di·

94 2285 181 2327 rerso
204 2275 234 2326 et
256 2267 374 2326 novicio
396 2265 562 2325 litterarum
585 2283 696 2343 genere
718 2285 776 2346 quo
793 2265 972 2345 subscriptio
987 2267 1109 2326 ollendit
1123 2264 1233 2334 oculos,

95 2375 197 2446 aperte
221 2368 340 2448 quidem
357 2367 405 2427 illa
421 2385 509 2428 manu
525 2368 693 2428 recentiore
708 2369 787 2428 inter
802 2376 915 2428 textum
932 2375 959 2427 ct
975 2368 1063 2428 verba
1081 2368 1231 2430 BUCOLl-

95 2468 169 2530 CON
180 2469 292 2530 Lllilill
303 2468 478 2544 EXPLlClT
492 2467 629 2549 (miniato)
643 2468 781 2530 lNClPlT
790 2468 1004 2530 GEORGlCON
1012 2453 1070 2530 LlB
1082 2468 1232 2532 -r-Fsct-

15 2631 19 2640 ,
62 2649 65 2656 Δ
94 2569 207 2632 ClTER
221 2572 404 2650 interposita.
428 2569 501 2632 Nam
518 2589 585 2631 curn
601 2573 632 2631 in
646 2578 729 2631 textu
744 2569 868 2631 lledicci
882 2572 1042 2651 quadratae
1057 2574 1116 2632 sint
1131 2591 1234 2632 omncs

93 2672 226 2741 litterae,
255 2675 286 2732 in
310 2674 522 2750 epigrammate
545 2671 713 2751 subscripto
740 2671 967 2734 maiuscularurn
996 2691 1071 2752 quae
1094 2673 1234 2733 dicuntur

97 2775 222 2834 lormam
238 2773 383 2852 praebent
397 2773 469 2834 bae:
494 2763 513 2835 b
530 2791 545 2835 ε
561 2773 606 2834 uel
623 2794 639 2834 e
655 2791 674 2850 q
692 2775 731 2852 (et
747 2781 777 2854 c)
794 2775 812 2834 b
829 2775 839 2834 l
855 2793 883 2834 m
899 2794 918 2855 p
934 2794 952 2854 q
967 2795 1000 2844 z,
1025 2775 1234 2852 quadratorum

93 2873 150 2935 lrae
167 2883 279 2936 tantum
293 2865 505 2943 lsuNttsT,
522 2893 589 2935 nam
605 2874 673 2935 illae
689 2876 730 2937 Cl
744 2877 805 2937 ΟΠ
822 2884 888 2937 ntro
904 2878 1073 2956 pertincant
1087 2878 1232 2937 incertum
1255 2957 1256 2960 Ἴ

94 2983 148 3036 est.
193 2976 272 3054 Ergo
295 2979 341 3036 vix
364 2978 474 3056 poterit
492 2977 674 3054 'epigramma
697 2979 728 3036 in
751 2987 885 3038 nostrum
913 2978 1045 3039 codicem
1074 2985 1141 3037 ante
1169 2996 1232 3038 sae·

95 3076 193 3138 culum
218 3085 332 3138 sextum
356 3077 401 3138 vel
424 3079 581 3156 septimum
603 3077 727 3139 inlatum
751 3097 825 3139 esse.
860 3079 917 3139 Sed
941 3099 1008 3140 oum
1030 3082 1062 3139 in
1084 3081 1135 3148 eis,
1159 3097 1233 3159 quae

95 3177 274 3238 antecedunt
297 3181 486 3259 epigramma,
511 3181 648 3258 antiquae
669 3181 780 3240 lormae
795 3179 888 3240 multo
904 3183 1087 3241 constantius
1101 3189 1233 3240 seruatae

95 3282 172 3348 sint,
207 3282 352 3359 siquidem
382 3281 485 3341 eadem
514 3299 619 3342 manus
646 3290 736 3342 totam
765 3280 1013 3362 subscriptionem
1047 3283 1155 3362 pinxit,
1191 3285 1234 3342 sic

93 3381 280 3441 statuendum
304 3384 377 3443 erit:
408 3383 538 3443 codicem
569 3383 680 3443 saeculi
702 3385 794 3461 quinti
813 3383 979 3445 llediceum
1008 3383 1052 3444 vel
1081 3392 1165 3444 serto
1187 3383 1244 3443 vel·

94 3484 172 3544 adeo
195 3486 320 3562 septimo
343 3504 408 3545 cum
432 3484 525 3545 altero
547 3484 625 3545 libro
653 3487 712 3545 sive
741 3487 804 3564 ipso
827 3485 945 3574 blacarii
974 3487 1034 3546 sire
1064 3486 1233 3566 apographo

97 3584 166 3644 inde
188 3586 266 3644 iacto
289 3585 427 3646 collatum
451 3587 537 3648 etad
561 3589 625 3648 eius
647 3588 735 3647 fidem
758 3587 956 3656 emendatum,
986 3587 1232 3666 subscriptionem

97 3695 196 3746 autem
219 3688 380 3766 Aproniani
403 3706 438 3747 ex
467 3687 524 3749 boc
551 3691 582 3748 in
604 3688 769 3749 llediccum
798 3708 813 3748 a
844 3687 966 3749 librario
994 3692 1034 3749 ita
1062 3689 1232 3751 translatam

97 3807 173 3857 esse,
197 3796 230 3847 ul
252 3807 325 3866 quac
348 3807 436 3868 prosa
460 3792 592 3849 oratione
615 3788 832 3866 subscripserat
858 3789 907 3849 ille
935 3792 1004 3850 satis
1032 3801 1168 3852 accurate
1196 3792 1231 3852 ad

92 3908 214 3950 uranum
245 3891 308 3950 eius
335 3892 516 3961 imitaretur,
552 3893 733 3970 epigramma
761 3899 859 3952 autern
890 3893 1015 3952 sortasse
1043 3892 1232 3953 membranae

91 3992 243 4068 angustiis
265 4001 384 4052 coactus
407 3995 557 4053 consuetis
579 3992 686 4053 litteris
709 3992 910 4071 deproperare
932 4003 976 4054 sat
998 3993 1129 4055 haberet.

178 4093 316 4152 Celerum
331 4093 450 4154 blacerii
467 4097 566 4155 iratris
583 4094 735 4174 exemplar
750 4113 821 4154 num
838 4094 873 4154 ab
896 4094 953 4155 hoc
974 4097 1040 4173 ipso
1055 4096 1100 4155 vel
1116 4096 1231 4174 quando

93 4201 166 4254 unte
188 4194 375 4255 consulatum
391 4198 551 4275 Aproniani
575 4209 728 4257 exaratum
751 4199 788 4256 sit
803 4197 905 4274 nequit
920 4196 1045 4257 deliniri.
1075 4197 1232 4257 Praeterea

92 4315 164 4356 uero
187 4315 254 4356 cum
279 4297 349 4357 solis
371 4296 514 4357 bucolicis
537 4297 670 4358 subiecta
693 4300 731 4358 sit
752 4297 943 4377 subscriptio,
971 4297 1001 4357 id
1031 4297 1134 4358 saltem
1156 4297 1231 4358 llor-

94 4395 173 4458 ltclio
197 4397 418 4458 corrcedendurn
443 4401 498 4459 erit
521 4401 641 4458 minime
665 4411 811 4468 constare,
837 4417 906 4458 num
928 4398 1004 4458 ultra
1027 4399 1130 4459 harum
1154 4399 1230 4458 eclo-
