2962 4904
253 341 291 408 12
339 402 344 418 ,
700 364 944 408 recensoribus.

247 537 305 604 culi
328 539 431 617 quidni
454 557 471 598 a
493 526 625 598 Salonini
648 535 794 600 natalibus
817 554 853 596 eo
883 535 1006 598 oonsilio
1035 546 1175 617 repetere
1201 544 1334 618 poterat,
1364 546 1398 599 ut

246 644 361 704 divinae
390 640 541 701 cuiusdam
570 639 667 701 laudis
689 639 990 720 splendoropauont
1012 641 1202 721 potissimum
1226 647 1255 701 et
1277 640 1395 720 prolem

248 753 277 805 ot
300 742 484 806 consulatum
509 743 687 804 exornaret?
737 741 814 813 Quid
843 742 922 820 quod
951 742 1074 822 expulso
1103 742 1245 805 Pollionis
1274 745 1397 804 nomine

246 855 338 909 totam
360 863 415 926 per
438 845 571 923 eclogam
594 845 676 907 nullo
700 843 800 914 verbo
814 845 1005 923 significatur,
1029 847 1096 925 quis
1119 845 1239 907 tandem
1263 847 1303 907 sit
1324 864 1396 907 con·

247 949 291 1011 sul
314 948 364 1012 ille
387 948 573 1027 designatus,
604 965 695 1026 qoem
718 948 784 1009 ‘te’
807 949 985 1027 pronomine
1007 965 1032 1008 v.
1060 944 1097 1008 11
1122 957 1151 1008 et
1174 946 1213 1009 13
1236 947 1397 1028 alloquitur

245 1060 342 1134 poeta.
392 1051 526 1129 Denique
548 1051 706 1120 nascentis,
731 1069 769 1111 ne
792 1049 888 1111 dicam
912 1051 983 1119 nati,
1007 1068 1042 1110 ex
1064 1049 1204 1112 Marcello
1229 1050 1396 1112 octodecim

246 1171 391 1217 annorum
414 1152 603 1215 adolescente
628 1151 709 1213 valde
732 1152 851 1213 infirmo
880 1161 909 1213 et
931 1151 1005 1214 lulia
1027 1152 1128 1232 puella
1149 1155 1196 1214 vir
1226 1152 1395 1230 quindecim

245 1258 331 1320 annis
353 1257 454 1318 iuncta
476 1257 563 1336 pueri
586 1256 662 1316 lama
685 1254 765 1317 nulla
789 1263 933 1335 quantum
955 1256 1018 1317 scio
1042 1255 1148 1316 tradita
1172 1264 1231 1324 est,
1263 1263 1294 1316 ut
1323 1255 1395 1317 ridi·

247 1359 311 1422 cula
334 1377 459 1439 prorsus
481 1365 586 1438 poetae
608 1359 796 1420 vanissimam
825 1377 909 1438 spem
938 1359 1078 1436 lingentis
1105 1358 1241 1420 vaticinia
1264 1357 1395 1438 aequali·

246 1461 301 1524 bus
329 1463 389 1522 visa
417 1461 510 1523 luisse
539 1469 771 1523 consentaneum
800 1462 847 1522 sit.
898 1459 1005 1522 Contra
1034 1460 1114 1540 quod
1137 1457 1279 1521 Pollionis
1308 1462 1397 1521 amici

249 1563 427 1626 nobilissimi
448 1562 527 1625 iilius
554 1563 600 1624 vel
623 1570 782 1641 antequam
804 1581 907 1624 aevom
929 1564 1083 1642 ingressus
1106 1569 1151 1624 est
1165 1561 1325 1624 laetissima
1342 1582 1397 1643 spe

249 1667 419 1730 celebratur
443 1665 515 1728 nihil
538 1667 607 1727 miri
630 1664 727 1735 habet,
752 1683 807 1726 nec
829 1667 937 1726 mirum
961 1665 1040 1744 quod
1063 1664 1183 1726 licentia
1205 1667 1302 1745 poetis
1325 1683 1396 1726 con·

247 1787 330 1830 cessa
353 1776 413 1830 tam
436 1776 519 1848 grata
542 1776 571 1829 et
593 1770 710 1848 parenti
733 1776 762 1829 et
783 1768 897 1847 patriae
919 1766 1041 1829 suboles
1064 1769 1174 1829 nutrita
1197 1767 1273 1828 lovis
1304 1769 1397 1847 ipsius

248 1891 317 1933 cura
339 1873 405 1951 ipso
429 1870 512 1933 caelo
540 1870 656 1932 demitti
683 1869 728 1930 vel
757 1877 839 1932 certe
868 1869 994 1932 deorum
1023 1872 1110 1930 vitam
1140 1877 1299 1950 acceptura
1328 1889 1397 1931 esse

248 1975 368 2053 fingitur
390 1974 427 2056 (v.
453 1969 492 2036 15
515 1989 579 2051 sqq.
602 1969 654 2033 49.
679 1969 719 2050 l).
920 2054 921 2057 Ἴ

332 2077 406 2138 Cum
421 2084 519 2137 autern
536 2074 678 2136 Pollionis
692 2075 879 2155 potissimum
895 2074 987 2137 lilium
1011 2076 1142 2138 loturum
1168 2093 1235 2137 esse
1252 2093 1396 2154 expresso

249 2178 340 2240 verbo
363 2177 445 2240 nullo
468 2177 636 2258 prodiderit
656 2186 760 2257 poeta,
793 2177 897 2255 quidni
919 2176 1064 2239 eeclesiae
1087 2164 1249 2258 scriptores
1272 2177 1309 2238 ad
1332 2179 1396 2258 opi·

249 2283 371 2343 aionem
387 2279 484 2342 delabi
499 2281 651 2359 potuerint
667 2279 778 2342 Christi
800 2277 914 2340 natales
936 2279 986 2340 illo
1010 2279 1132 2341 consule
1148 2282 1266 2340 luturos
1288 2297 1396 2342 secun·

248 2384 317 2445 dum
341 2384 487 2445 Cumaeae
510 2381 632 2462 sibyllae
654 2381 774 2443 oracula
797 2383 827 2442 in
851 2380 952 2460 ecloga
975 2381 1024 2443 illa
1046 2382 1217 2462 praedictos
1241 2383 1327 2444 esse?
1361 2381 1398 2443 Et

248 2486 328 2548 unde
350 2484 471 2565 quidem
495 2503 547 2546 sua
571 2484 607 2545 de
629 2485 729 2562 magni
752 2485 822 2545 anni
844 2492 912 2544 ortu
941 2491 972 2544 et
999 2483 1036 2545 de
1059 2483 1253 2546 redeuntibus
1276 2483 1395 2546 Saturni

248 2589 349 2666 regnis
372 2587 507 2648 vaticinia
536 2586 669 2648 hauserit
698 2593 786 2667 poeta
815 2587 1051 2657 eruditissimae,
1083 2604 1229 2665 quaerere
1258 2586 1308 2648 hie
1335 2605 1396 2648 non

252 2693 358 2753 attinet
381 2690 428 2768 (ol.
452 2689 618 2751 Alexandro
641 2708 720 2750 orae.
739 2687 842 2770 Sibyll.
859 2697 879 2750 t.
896 2688 923 2749 ll
938 2709 966 2770 p.
986 2685 1045 2750 107
1062 2706 1128 2767 sqq.
1153 2685 1223 2750 180.
1236 2685 1395 2770 27811111.

250 2797 287 2855 nt
321 2791 504 2853 confidenter
537 2810 615 2870 nego
649 2791 835 2853 Lactantium
869 2789 1029 2852 Eusebium
1061 2793 1259 2870 augustinum
1293 2791 1396 2853 melio·

249 2894 334 2957 ribus
355 2892 479 2971 Vergilii
501 2894 653 2956 codicibus
677 2913 746 2956 usos
767 2883 862 2955 luisse
885 2911 973 2971 quarn
1002 2892 1049 2955 vel
1071 2895 1215 2955 Asconius
1238 2901 1267 2954 et
1289 2893 1396 2956 Sueto·

251 2999 318 3059 nius
351 2998 397 3058 usi
429 3003 500 3057 sunt
531 2995 576 3057 vel
610 3016 667 3058 nos
700 2997 870 3058 etiamnunc
904 2998 1026 3058 utimur.
1093 2995 1171 3074 Ergo
1203 2994 1245 3056 illi
1278 3013 1397 3076 quoque

248 3099 390 3163 Pollionis
412 3116 520 3160 nomen
544 3115 570 3160 v.
596 3095 635 3159 12
657 3097 764 3177 legisse
787 3097 929 3160 credendi
952 3107 1049 3160 erunt.
1072 3179 1074 3188 ‚

333 3206 370 3266 At
398 3219 602 3273 numerorum,
638 3203 750 3281 inquit,
786 3200 945 3280 diligenter
977 3203 1055 3262 inter
1090 3219 1122 3262 se
1156 3208 1396 3281 comparatorum

253 3313 332 3367 tanta
355 3306 385 3365 in
408 3312 536 3383 utroque
560 3302 729 3381 eclogarum
754 3321 865 3382 genere
888 3302 1133 3394 dillerentiauest,
1158 3310 1265 3364 utnon
1281 3304 1399 3382 possint

250 3407 296 3469 lV.
320 3406 367 3467 Vl,
392 3406 415 3466 X
440 3405 553 3466 eisdem
577 3407 662 3466 annis
686 3407 815 3486 scriptae
844 3423 909 3466 esse
938 3405 1046 3484 quihus
1075 3412 1202 3468 ceterae.
1254 3407 1291 3466 ht
1319 3406 1397 3467 enim

250 3510 379 3590 primum
403 3509 433 3567 in
455 3504 519 3576 226
541 3506 677 3568 versibus
706 3507 759 3586 (tot
787 3509 866 3568 enirn
895 3515 965 3569 sunt
992 3509 1082 3570 trium
1112 3506 1292 3586 eclogarum)
1323 3526 1396 3569 cou-

250 3620 426 3673 sentaneum
450 3616 497 3670 est
519 3608 626 3670 multas
648 3627 841 3674 numerorum
865 3611 977 3671 lormas
1003 3617 1055 3671 aut
1077 3626 1137 3670 non
1160 3616 1211 3670 aut
1232 3611 1331 3672 rarius
1353 3612 1397 3672 in·

255 3714 359 3782 veniri,
385 3729 462 3791 quae
484 3713 515 3771 in
538 3711 648 3792 triplici
670 3713 734 3774 lere
749 3711 940 3774 multitudine
957 3708 1112 3792 (11111603
1129 3729 1231 3774 versus
1247 3714 1399 3774 continent

250 3815 379 3895 ceterae)
405 3816 606 3895 reperiuntur.
642 3815 800 3877 Praeterea
816 3815 842 3875 si
857 3833 932 3894 quae
948 3813 1112 3892 elegantius
1127 3815 1156 3876 in
1179 3813 1238 3878 illis
1260 3814 1398 3878 videntur

250 3915 399 3979 modulata
423 3935 508 3988 esse,
538 3935 593 3978 nos
615 3933 737 3997 quoque
758 3920 835 3978 inter
863 3916 980 3978 ultimas
1002 3919 1164 3998 posuimus.
1211 3917 1289 3987 atta,
1319 3917 1399 3980 velut

249 4019 329 4100 quod
352 4022 383 4080 in
406 4017 454 4079 his
476 4019 700 4100 monosyllabon
724 4037 791 4080 curn
815 4019 1001 4099 anapaestico
1017 4018 1062 4080 vel
1079 4019 1240 4100 spondaico
1256 4019 1398 4081 vo'oabulo

171 4127 176 4138 '
248 4141 352 4183 versos
375 4121 459 4182 initio
475 4139 536 4183 non
552 4124 700 4201 reperitur
725 4121 771 4200 (el.
798 4120 968 4201 Schaperus
983 4140 1012 4200 p.
1030 4118 1091 4184 itt
1115 4119 1182 4202 so),
1207 4120 1285 4201 quod
1307 4139 1396 4201 spon·

251 4225 326 4286 diaci
360 4225 457 4286 exitus
489 4225 586 4284 ‘lovis
619 4225 857 4285 incrementum’
899 4221 945 4302 (tv
977 4219 1028 4296 49)
1068 4223 1181 4287 nullum
1218 4227 1249 4286 in
1290 4227 1398 4286 ceteris

252 4323 421 4406 exemplum
444 4335 490 4388 est
513 4326 551 4406 (p.
577 4322 665 4405 782),
696 4325 773 4404 quod
804 4325 913 4407 duplex
942 4326 1122 4407 synaloephe
1151 4327 1198 4388 bis
1224 4336 1340 4389 tantum
1368 4330 1397 4388 iu

250 4428 318 4498 illis,
342 4429 433 4489 vicies
455 4427 547 4494 semel
570 4430 600 4489 in
623 4427 671 4489 his
692 4435 854 4509 usurpatur
878 4427 916 4510 (p.
941 4425 1030 4507 784),
1066 4448 1133 4490 cum
1168 4437 1266 4491 tamen
1300 4447 1337 4491 ne
1368 4431 1396 4490 iu
