2956 4906
554 351 799 394 PROIAEGOHSNA.

147 517 271 579 Gelli

148 618 173 678 'l'
206 654 218 665 -
246 619 268 677 V
370 659 373 668 ,

103 719 268 782 similitudo
290 723 318 781 in
343 720 504 802 archetypo
528 740 593 782 esse
614 724 759 801 potuerit,
783 738 962 800 quamquam
984 723 1054 800 quin
1078 723 1169 782 luerit
1191 722 1245 782 do·

102 821 184 882 bium
207 824 328 884 minime
352 832 404 883 est
449 821 511 884 Alia
535 823 603 883 inde
626 833 690 883 orta
706 831 784 892 sunt,
808 823 886 903 quod
901 822 1064 902 particulae
1079 821 1244 884 litterarum

102 926 133 984 in
156 925 317 1004 archetypo
340 941 409 985 casu
432 923 534 985 oculos
556 922 669 985 librarii
693 925 872 1002 effugerant:

168 1025 234 1086 dico
257 1028 279 1087 Α
302 1026 429 1087 visaml

256 1128 278 1187 Β
340 1162 352 1174 .

254 1223 347 1291 p.

255 1330 349 1391 p.

253 1432 347 1494 p.

255 1532 350 1592 fl.

255 1635 348 1694 Μ.

254 1736 282 1795 Μ

418 1127 438 1188 S

414 1230 436 1290 C

415 1330 427 1391 l

414 1431 434 1492 S

416 1533 437 1594 C

414 1635 437 1693 Α

337 1734 458 1795 -Bt

414 1835 438 1896 'l

416 1940 437 1999 V

416 2041 438 2100 V

414 2140 427 2200 1

416 2241 438 2302 S

253 1837 305 2305 ΞΕὌΞΞΖ

336 1872 350 2188 ι...

255 2346 279 2406 R
337 2381 348 2391 -
413 2346 437 2403 V

102 2451 238 2529 Denique
259 2448 295 2510 ad
319 2447 494 2526 compendia
517 2447 683 2526 scripturae
705 2445 849 2526 quaedam
871 2449 970 2526 putavi
986 2447 1149 2509 revocanda
1166 2467 1241 2517 esse,

103 2553 230 2613 maxime
253 2550 332 2629 quod
355 2551 496 2611 conlusae
518 2557 588 2611 sunt
702 2618 704 2622 ,

152 2711 158 2728 ,
258 2653 285 2713 Μ
309 2651 381 2713 etS

256 2755 281 2814 N
314 2788 326 2800 ·
362 2754 392 2814 S.

104 2857 178 2918 Nam
200 2857 224 2918 N
247 2864 316 2917 nota
340 2874 497 2935 expressae
519 2857 576 2916 iarn
600 2873 689 2934 supra
718 2856 842 2917 indicavi
872 2856 1022 2935 exempla,
1058 2865 1087 2916 et
1115 2856 1243 2918 indidem

103 2959 247 3039 estquod

406 3061 452 3122 NS
475 3059 578 3141 proli
639 3071 641 3076 ’

409 3164 468 3234 ΝΤ,
492 3166 511 3224 i.
536 3183 562 3225 e.
586 3151 613 3222 N
637 3161 736 3239 proV

104 3267 224 3329 habitae
247 3277 332 3337 sunt,
361 3285 489 3345 cumque
511 3266 536 3327 ll
561 3274 590 3326 et
612 3267 637 3326 N
660 3262 785 3328 similes.
816 3265 928 3327 similes
955 3275 1052 3327 autem
1081 3267 1246 3329 litterarum

97 3373 133 3431 ’Μ
160 3379 189 3430 et
211 3370 236 3431 N
259 3376 347 3431 notae
369 3371 494 3436 luerint.
518 3370 627 3432 lactum
651 3387 717 3429 esse
740 3376 812 3445 puto
833 3369 911 3430 utli
936 3378 965 3429 et
986 3367 1013 3428 Μ
1037 3388 1154 3448 quoque
1177 3388 1247 3431 con·

105 3471 317 3537 funderentur.
368 3473 470 3553 Neque
499 3473 638 3541 enimin
663 3469 792 3550 puhlicis
821 3479 933 3532 tanturn
957 3470 1141 3533 documentis
1163 3481 1192 3532 et
1218 3473 1247 3532 in

105 3575 248 3644 lotorum,
279 3573 330 3636 sed
358 3577 388 3635 in
412 3576 539 3636 cuiusvis
567 3575 686 3652 generis
709 3574 827 3652 scriptis
849 3582 985 3634 notarum
1006 3593 1077 3634 usus
1099 3574 1248 3653 frequens,

109 3685 140 3736 et
163 3695 404 3756 unumquemque
427 3675 606 3737 ‘familiares
629 3675 686 3737 sihi
709 3685 795 3736 notas
816 3695 871 3756 pro
893 3676 1042 3737 voluntate
1071 3678 1249 3755 signavisse'

106 3797 178 3839 cum
199 3786 324 3840 testatur
347 3780 397 3855 qui
420 3777 456 3838 de
479 3778 535 3838 hoc
558 3778 724 3840 litterarum
745 3783 854 3858 genere
870 3779 1115 3840 commentarium
1130 3782 1248 3858 scripsit

104 3880 238 3942 Valerius
261 3880 439 3968 Probusqtp.
462 3877 522 3940 271
548 3879 596 3958 M.)
620 3890 683 3941 turn
707 3882 841 3942 Caesaris
863 3883 1014 3943 Ciceronis
1035 3882 1156 3958 Augusti
1170 3883 1247 3942 Nac-

102 3984 216 4043 cenatis
238 3983 400 4043 auctoritas
421 3982 528 4042 firmat.

187 4084 281 4163 Atque
304 4101 341 4144 cx
362 4085 434 4162 ipsis
456 4085 567 4145 nostris
588 4082 673 4144 libris
688 4086 901 4146 'vetustissimis
930 4084 1103 4164 compendia
1134 4085 1247 4145 enotavi

100 4185 191 4246 haec:

144 4289 174 4346 in
197 4289 277 4348 exitu
301 4306 437 4350 versuum
460 4325 501 4348 -.—
544 4316 587 4345 =
609 4289 652 4358 Μ,
688 4310 713 4350 a.
736 4307 765 4367 g.
797 4290 828 4349 in
850 4291 893 4349 A:
925 4289 1065 4351 ΜΟΜΕΙῌ
1099 4308 1144 4368 ge.
1170 4285 1245 4349 151

695 4392 878 4455 ΗΑΜΕΝΑΤ
902 4388 944 4452 70
964 4391 1116 4452 ΤΑΝΤΜ”·“
1150 4387 1190 4451 Ἱ9

979 4494 1043 4557 Π*
