2970 4896
259 313 322 378 358
706 305 949 380 rnbnunouaun.

260 505 318 563 uisi
341 511 515 583 corruptum
539 523 573 564 ex
597 505 765 578 terebrare,
797 507 968 566 coniectura
998 505 1124 584 quadam
1153 514 1251 567 ortum
1283 507 1405 568 tortasse

260 683 306 735 est
335 693 369 734 ex
401 671 554 752 archetypi
584 675 732 752 scriptura
762 672 816 733 bac
837 607 996 735 IdIJRbllE.
1053 675 1137 748 Quod
1172 674 1288 754 placeat
1317 695 1404 736 tinum

259 777 321 835 sive
343 773 422 834 felici
446 772 654 834 emendatione
676 776 737 834 sive
760 793 797 834 ex
818 776 980 853 integriore
1004 763 1147 836 memoria
1175 779 1307 836 nescio
1334 777 1403 837 ben.

260 878 311 938 llll
334 871 396 937 648
431 894 486 953 pro
520 878 616 937 inscie
650 875 849 956 (MPRbcmrb)
881 895 939 938 nna
968 895 1035 937 cum
1060 876 1195 940 Gothauo
1225 879 1314 938 tertio
1338 899 1403 958 pro-

261 981 385 1059 paganit.

346 1080 386 1139 Ex
410 1077 579 1142 Moreteuis
595 1081 731 1156 primns,
762 1096 851 1156 quem
875 1079 953 1140 inter
974 1081 1101 1157 optimos
1125 1079 1293 1142 habendum
1317 1082 1404 1142 llcin·

260 1185 321 1244 sius
343 1182 473 1248 censuit,
497 1179 661 1240 laudandus
684 1187 806 1259 propter
828 1181 881 1240 has
904 1182 1080 1260 scripturas:
1114 1185 1186 1242 beu.
1211 1183 1223 1242 l
1245 1179 1310 1244 224
1332 1187 1405 1244 dis·

163 1363 165 1369 .
255 1287 409 1361 piciens
433 1283 468 1361 (v.
493 1285 602 1358 sopra),
626 1278 801 1366 tritten
825 1282 1050 1361 (etMPIipbc),
1076 1283 1099 1343 ll
1124 1279 1187 1345 805
1214 1302 1304 1345 erce
1332 1286 1407 1360 (orte

261 1385 402 1462 MPllyc,
434 1383 575 1462 Servius).
625 1382 710 1444 Haud
739 1382 926 1462 inprobabile
955 1387 1070 1446 consite
1098 1385 1169 1444 ben.
1194 1385 1232 1445 lll
1257 1383 1317 1446 127
1346 1386 1405 1465 pla.

261 1489 380 1565 coitque
403 1485 523 1545 Heinsio
547 1502 619 1563 prae
641 1483 692 1545 illo
715 1489 866 1548 concite
890 1485 1066 1564 (FMPpbc).
1155 1487 1313 1548 Secundus
1336 1506 1404 1547 con·

259 1589 352 1666 spirat
374 1605 441 1646 cum
466 1589 490 1646 G
508 1587 584 1672 *ten
609 1586 646 1646 lll
671 1583 740 1655 199,
765 1586 815 1646 ubi
838 1586 958 1648 dublum
975 1594 1020 1648 est
1036 1596 1136 1648 utrum
1158 1590 1257 1649 verius
1272 1591 1313 1649 sit
1327 1589 1406 1668 quod

260 1690 290 1748 hi
312 1687 457 1767 praebent
480 1689 606 1762 abrupti
626 1705 663 1747 an
685 1687 762 1767 quod
787 1706 822 1747 ex
846 1689 1039 1768 FMPyubcd
1064 1697 1092 1748 et
1115 1689 1266 1750 Macrobio
1289 1692 1320 1750 in
1345 1700 1405 1750 tex-

260 1799 322 1850 tum
353 1791 453 1868 recepi
488 1790 674 1864 abruptis.
730 1789 872 1866 Agnoscit
906 1790 983 1867 quod
1019 1789 1127 1851 ‘alios’
1156 1791 1256 1868 legere
1286 1792 1407 1852 Servius

260 1890 410 1951 adnotavit
432 1894 503 1952 Aen.
528 1890 568 1951 lll
591 1887 632 1950 99
654 1893 753 1951 undas
783 1892 909 1970 (undis
937 1891 1103 1971 MPItybc).
1197 1892 1356 1954 Secundus
1378 1903 1406 1952 et

259 2000 389 2069 quartus
421 1994 567 2069 integrant
602 1998 793 2052 servaverunt
826 1995 1000 2053 memoriam
1029 1995 1100 2053 ben.
1121 1992 1162 2056 xl
1186 1991 1248 2056 613
1271 2015 1316 2074 sq.
1347 1995 1405 2054 his:

259 2099 373 2155 ruina
396 2096 487 2154 dent
509 2097 671 2155 sonitum
694 2097 858 2169 ingenti,
884 2111 959 2174 quae
981 2097 1012 2154 in
1034 2096 1182 2173 MPBybe
1203 2105 1405 2156 correctorum

259 2198 442 2264 temeritate.
468 2198 519 2273 qui
542 2196 649 2274 partim
672 2197 843 2256 ruinam..
863 2199 985 2257 sonim
1007 2200 1131 2270 inpenti,
1156 2200 1262 2275 partim
1287 2202 1406 2259 ruinam

310 2343 318 2360 .
335 2301 436 2360 sonitu
452 2302 601 2372 tepentem
622 2296 789 2366 voluerunt,
813 2299 893 2357 varie
918 2305 986 2357 snut
1007 2298 1161 2358 adfectata.
1249 2299 1281 2358 lu
1298 2309 1408 2375 quarto

260 2399 324 2460 solo
348 2399 402 2460 ecl.
426 2395 502 2460 159
533 2407 616 2459 reete
647 2398 754 2476 legitur
788 2416 953 2474 aequore
985 2417 1041 2477 pro
1075 2401 1196 2460 aethere
1230 2401 1271 2478 (ut
1306 2411 1349 2461 est
1379 2403 1407 2461 in

260 2504 372 2563 Pente
395 2507 425 2560 et
451 2503 482 2560 in
512 2501 772 2577 grammaticorum
800 2508 920 2578 praeter
942 2500 1071 2586 Probum
1101 2503 1304 2580 commentis);
1330 2502 1407 2562 idem

260 2622 305 2680 ge.
336 2602 348 2662 l
375 2598 439 2662 364
467 2618 566 2664 veram
595 2602 720 2661 sormam
748 2617 887 2676 supere
916 2620 982 2661 curn
1013 2605 1245 2662 Vrntistncieusi
1271 2606 1409 2673 servavit,

261 2702 460 2763 oblitteratam
490 2703 521 2761 in
544 2703 665 2780 Mltpbc
698 2702 810 2778 vulgari
843 2720 948 2778 snpra.
1051 2703 1231 2778 Frepmenti
1253 2705 1412 2766 iitoretnni

264 2803 426 2882 singularia
448 2802 592 2882 quaedam
617 2821 642 2863 e.
666 2823 694 2881 g.
719 2803 754 2862 ad
779 2802 831 2863 cel.
857 2803 905 2863 Vll
931 2801 970 2864 14
992 2811 1021 2864 et
1042 2801 1085 2864 46
1107 2807 1233 2865 enotavi.

345 2922 434 2982 Vetus
457 2924 643 2990 coniectura,
677 2941 765 3001 quam
789 2922 911 2983 Servius
947 2922 1204 2997 commemoravit,
1241 2924 1352 3002 legitur
1379 2927 1410 2985 in

262 3025 472 3084 Montetbnm'o
494 3026 566 3083 Aen.
590 3024 602 3084 l
624 3019 687 3085 552
710 3031 818 3100 optare
840 3023 996 3100 (aptore
1017 3025 1184 3104 MPltybc).
1216 3025 1299 3086 Bona
1316 3030 1410 3106 scrip·

263 3135 327 3186 tura
350 3126 511 3186 subitum
532 3127 605 3185 lieu.
629 3124 651 3183 V
673 3120 736 3186 522
759 3143 847 3203 supra
872 3124 996 3186 laudata.

347 3246 605 3320 Humbnrpensem
628 3243 738 3305 saeculi
754 3242 820 3304 XIII
837 3244 973 3314 membr„
998 3248 1048 3324 qui
1071 3254 1189 3323 praeter
1205 3244 1328 3321 Vergilii
1347 3264 1411 3307 car·

263 3348 340 3407 mina
363 3349 477 3424 integra
507 3365 574 3406 cum
597 3347 693 3406 Servii
722 3347 935 3408 commentario
959 3345 1055 3406 Ovidii
1084 3365 1118 3406 ex
1143 3348 1238 3407 Ponto
1268 3347 1413 3425 epistulas

261 3449 418 3507 continens
454 3464 533 3507 nuuc
567 3449 598 3508 iu
621 3446 799 3508 bibliotheca
823 3447 940 3526 publica
965 3456 1115 3517 servatur,
1145 3448 1215 3508 dum
1243 3453 1413 3510 accuratius

263 3548 408 3616 examino,
440 3548 638 3609 Berneusium
663 3548 806 3609 librorum
830 3549 864 3610 bc
887 3549 1013 3610 adfinem
1038 3556 1065 3610 et
1090 3551 1256 3610 inaximee
1287 3551 1412 3612 tratrem

261 3666 435 3726 germanum
459 3667 525 3708 esse
549 3648 635 3709 tacile
658 3648 799 3709 intellexi.
893 3650 952 3710 Sed
976 3649 1084 3730 quibus
1106 3650 1245 3711 Heinsius
1269 3669 1342 3711 tosus
1367 3661 1413 3712 cst

262 3752 411 3811 ecclesiae
430 3752 667 3825 Hambnrpensis
695 3751 814 3811 codices
837 3752 910 3812 (litos
932 3771 1010 3812 anno
1036 3748 1118 3812 1784
1148 3750 1289 3811 vilissimo
1314 3755 1413 3830 pretio

262 3851 437 3912 llavnieusis
450 3853 649 3912 universitatis
665 3851 860 3915 bibliothecae
884 3853 1007 3914 traditos
1031 3872 1096 3913 essa
1120 3853 1227 3913 litteris
1250 3852 1340 3914 didici
1357 3855 1411 3915 Ρο-

262 3955 385 4020 terseni,
410 3955 440 4012 in
465 3951 598 4030 catalogo
622 3954 741 4031 quidem
765 3939 994 4032 Hamlrurgensi'
1008 3973 1037 4032 p.
1061 3951 1123 4015 273
1146 3955 1190 4013 sic
1211 3961 1345 4014 notatos:

306 4073 334 4113 n.
358 4051 443 4115 3360
485 4057 519 4114 P.
550 4057 680 4130 Vergilii
695 4059 834 4117 dimonis
849 4059 967 4117 Aeneis.
1014 4057 1089 4116 Msc.
1115 4055 1236 4114 membr.
1257 4055 1340 4128 sotio
1359 4053 1409 4118 93.

306 4175 334 4216 n.
358 4153 439 4217 3361
486 4157 627 4216 Eiusdem
651 4160 797 4218 Aeneidos
819 4158 903 4218 Libri
922 4157 975 4218 llll
997 4159 1072 4217 Msc.
1097 4157 1218 4216 membr.
1237 4157 1322 4229 folin
1340 4155 1409 4218 118.

489 4259 526 4317 In
549 4262 634 4318 cuius
655 4263 795 4333 margine
813 4263 928 4334 possim
951 4261 1111 4319 diversitas
1132 4261 1271 4319 lectionis
1293 4277 1334 4319 eac
1359 4277 1410 4336 op·

490 4361 581 4419 timue
599 4363 673 4432 fidei
693 4370 725 4420 nt
747 4362 865 4420 uidetur
886 4363 1099 4436 manuscriptis
1121 4367 1269 4420 annotato
1289 4363 1409 4434 tepitur.
