2970 4896
256 313 319 378 364
702 336 949 379 reoneeounmt.

257 504 438 570 reseruntur,
462 522 538 582 quae
559 503 595 564 ad
618 512 734 581 {tastum
759 522 817 563 nou
833 503 984 564 suliiciunt
1008 506 1084 583 (nam
1102 513 1265 582 pascuntur
1285 506 1401 565 iuvenci

256 621 389 680 quoque:
415 604 468 664 ecl.
493 604 541 665 Vll
565 603 601 664 11
638 623 683 683 ge.
708 605 719 664 l
746 601 804 684 15),
829 612 891 665 tum
915 613 948 665 ut
970 607 1116 665 frumenta
1140 613 1169 665 et
1192 607 1290 666 vineta
1313 607 1399 667 iutel-

224 767 226 772 ,
255 705 400 782 legantur.
493 704 583 766 Valde
606 715 761 785 suspectus
789 725 877 785 quem
905 723 951 782 ge.
977 703 1115 768 1111355
1144 707 1345 784 oMPeyoco
1374 715 1403 768 et

259 807 378 867 Servius
400 815 522 868 tuentur
544 807 695 885 spondeus
718 810 826 877 Penei,
859 809 908 886 qui
931 806 1150 868 commentandi
1179 827 1267 868 causa
1296 825 1399 885 supra-

257 909 387 986 scriptus
409 907 479 987 quid
500 911 685 987 potissimum
710 917 790 970 textu
814 909 961 988 expulerit
984 907 1104 969 dillieile
1123 909 1203 970 dictu
1222 916 1282 970 est:
1307 914 1403 971 nostri

258 1028 352 1088 nuper
375 1009 589 1089 Peerlkampus
612 1012 776 1090 proposuit.

340 1113 487 1191 Corrupto
511 1112 654 1173 Aeneidis
676 1110 838 1190 exenrplari
861 1113 919 1171 iam
943 1111 1032 1172 Silius
1055 1111 1198 1190 deceptus
1227 1119 1287 1182 est,
1317 1114 1367 1192 qui
1390 1113 1401 1172 l

255 1211 316 1274 317
347 1232 413 1273 cum
438 1213 627 1290 Monyoco,
664 1213 864 1291 grammaticis
892 1220 922 1272 et
950 1215 1001 1292 qui
1029 1215 1093 1292 ipsc
1121 1215 1251 1290 graviter
1279 1213 1402 1273 olieudit

256 1314 357 1374 Servio
380 1315 512 1376 Hebrum
535 1314 614 1392 legit,
637 1332 727 1410 quem
751 1313 862 1374 dehere
885 1315 1023 1375 Eurum
1046 1331 1113 1374 esse
1135 1315 1250 1374 monuit
1272 1314 1400 1392 liutger·

255 1416 323 1484 sius,
348 1424 377 1475 et
401 1423 510 1476 mutata
534 1414 626 1476 setuel
649 1417 671 1474 V
692 1417 722 1475 in
746 1415 777 1484 B,
803 1424 835 1476 ut
858 1413 917 1474 ml
935 1417 1002 1492 luy
1025 1416 1236 1483 catatriton,
1260 1415 1401 1493 proclivis

256 1519 425 1576 coniectura
455 1525 519 1577 erat
547 1535 613 1576 cum
642 1516 785 1577 Thraciae
813 1517 935 1576 llumiue
970 1518 1101 1596 quamvis
1134 1515 1214 1576 lento
1242 1514 1400 1577 Threissae

256 1619 383 1678 l'eminae
407 1636 528 1678 cursum
557 1621 733 1696 comparari.
786 1616 1006 1678 essentiatus
1034 1616 1068 1677 ad
1096 1616 1167 1677 Hor.
1197 1635 1287 1677 carm.
1314 1614 1400 1682 125.

255 1715 305 1778 20.
404 1719 446 1780 Ex
480 1718 584 1779 similis
616 1718 673 1780 loci
696 1719 721 1780 x
743 1715 806 1780 563
834 1720 1056 1797 comparatione
1088 1717 1211 1779 inlatum
1240 1714 1337 1779 1343
1372 1719 1401 1779 in

259 1821 406 1897 Mnyocu
430 1821 505 1898 (uam
530 1820 566 1880 de
582 1822 610 1880 P
628 1839 687 1881 non
711 1819 811 1896 liquet)
831 1828 860 1880 ct
875 1821 970 1880 Servii
986 1821 1108 1898 Pompei
1124 1818 1293 1880 Cassiodori
1308 1818 1401 1880 libros

255 1925 337 1999 nori,
361 1937 438 1983 eum·
452 1940 506 1982 nec
522 1921 557 1981 ad
573 1922 754 1983 Phoenicum
774 1923 905 1982 rationes
928 1920 1004 1982 hene
1028 1920 1153 1999 quadret
1174 1939 1314 1982 arvorum
1337 1920 1402 1982 laus

256 2032 285 2083 et
314 2031 373 2084 tota
405 2025 537 2084 narratio
561 2022 741 2102 (Pygmalion
773 2025 856 2084 ‘auri
885 2039 990 2084 caecus
1018 2024 1137 2083 amore'
1161 2018 1239 2090 349,
1269 2023 1402 2083 thesauri

255 2123 360 2185 tellure
384 2125 501 2192 reclusi,
525 2126 674 2202 ‘ignotum
698 2126 812 2203 argenti
835 2123 953 2203 pondus
979 2135 1011 2186 et
1027 2126 1111 2186 auri’
1139 2121 1201 2186 358
1216 2143 1279 2204 sq„
1303 2125 1401 2185 ‘avari

260 2225 485 2304 Pygutalionls',
511 2225 775 2294 heredisscilicet,
806 2227 915 2305 ‘opos’
931 2223 1002 2305 364)
1020 2226 1132 2304 flagitet
1156 2229 1245 2286 artri
1270 2243 1402 2286 comme·

258 2329 463 2395 urorationern,
495 2345 582 2404 quam
605 2327 711 2388 lluetio
735 2335 855 2387 auctore
878 2327 908 2386 in
932 2334 1045 2387 textum
1075 2329 1210 2405 recipere
1234 2344 1293 2386 oon
1317 2327 1412 2388 dubis

257 2428 322 2487 lavi.
408 2427 505 2502 ,Varie
534 2429 591 2489 iam
621 2435 734 2489 veteres
757 2436 978 2508 tetuptaverunt
1002 2437 1033 2488 ut
1056 2429 1127 2488 Aen.
1160 2427 1187 2488 ll
1210 2423 1402 2506 i5ex1tedi-

256 2536 331 2588 rcut
381 2513 499 2588 Tradita
528 2548 603 2608 quae
626 2540 694 2590 sunt
717 2532 747 2590 in
772 2530 853 2590 libris
877 2531 1042 2606 MPyohcdr
1065 2537 1095 2590 et
1122 2529 1198 2607 apud
1222 2529 1359 2590 Servium

611 2652 754 2708 hortamur
769 2654 835 2715 lari,
853 2670 907 2726 quo
923 2653 1055 2723 sanguine
1070 2659 1160 2706 cretus

410 2794 415 2802 ,
473 2735 571 2808 quidve
586 2737 670 2800 leret,
687 2747 820 2793 memoret
836 2754 905 2810 quae
922 2738 958 2792 sit
973 2735 1069 2792 liducia
1084 2744 1180 2808 capto,

256 2857 338 2908 recte
362 2848 482 2934 delendi
505 2869 564 2910 uon
593 2859 726 2928 possunt.
779 2853 851 2912 Nam
882 2870 936 2910 uec
965 2851 1101 2910 nuntium
1130 2849 1250 2910 adferre
1280 2860 1404 2929 captum

256 2951 406 3010 hominem
431 2951 576 3011 Graecum
601 2953 696 3012 conici
725 2970 779 3012 nce
807 2951 843 3011 de
866 2953 1013 3028 gementis
1036 2959 1065 3010 ct
1087 2969 1232 3010 summam
1256 2951 1404 3030 despera·

257 3052 365 3111 tionem
389 3052 554 3113 simulantis
578 3049 629 3131 (69
652 3053 726 3132 ειμι.)
752 3053 857 3114 liducia
885 3051 943 3112 ulla
974 3053 1076 3130 quaeri
1105 3060 1231 3131 poterat.
1283 3052 1405 3113 Turbae

258 3153 304 3212 hic
327 3172 445 3233 quoque
474 3153 582 3214 inlatae
610 3162 678 3214 suut
708 3154 856 3233 adscripto
886 3153 974 3214 simili
1006 3152 1073 3212 loco
1096 3160 1167 3214 Aen.
1192 3153 1217 3212 X
1244 3149 1305 3213 149
1327 3171 1404 3233 sqq„

169 3281 172 3286 ¹
258 3253 308 3313 uhi
331 3255 444 3316 deneas
467 3255 635 3316 Tarchonte

459 3395 551 3451 regem
568 3377 623 3434 adit
638 3386 666 3434 et
681 3379 740 3451 regi
757 3386 887 3433 uroruorat
903 3394 1058 3450 nomenque
1075 3393 1217 3451 genusque

459 3463 557 3535 quidve
573 3471 649 3534 potat
665 3463 763 3535 quirico
779 3461 838 3535 ipse
854 3462 923 3518 ierat
968 3491 1004 3501 -
1043 3492 1082 3500 -

468 3745 502 3754 -
528 3714 653 3770 humanis
670 3730 739 3787 quae
755 3716 791 3770 sit
807 3713 904 3770 lnltrcia
920 3715 1003 3771 rehus

459 3800 627 3856 admonete.
643 3816 670 3870 q.
686 3815 708 3854 s,

259 3913 316 3972 Sed
342 3913 517 3974 emendandi
541 3933 627 3974 carisa
656 3914 836 3974 conserenda
865 3923 949 3974 crant
978 3933 1012 3972 er
1036 3916 1108 3974 heu.
1131 3909 1254 3974 111608
1278 3930 1323 3989 sq.
1355 3913 1407 3974 uhi

259 4013 491 4074 Achaemenides
514 4015 687 4075 adducitur:

721 4121 766 4192 qui
782 4122 819 4174 sit
835 4119 900 4181 lari,
918 4137 972 4192 quo
989 4121 1123 4190 sanguiue
1140 4127 1230 4175 cretus

411 4203 566 4265 hortamur,
585 4219 653 4276 quac
669 4203 766 4259 deinde
781 4205 867 4276 agitet
883 4203 992 4260 fortuna
1010 4205 1096 4260 lateri.

411 4289 471 4361 ipse
488 4294 564 4360 pater
579 4288 699 4345 clericam
717 4288 847 4344 Anchises
865 4289 929 4344 tarn
946 4289 1028 4344 multa
1046 4295 1167 4344 moratus

410 4373 576 4435 (intimem,
595 4379 677 4447 atque
693 4375 811 4429 animum
828 4375 965 4447 praesenti
982 4375 1097 4446 pignore
1113 4371 1208 4428 firmat.
