<?xml version="1.0" encoding="UTF-8"?>
<!DOCTYPE html PUBLIC "-//W3C//DTD XHTML 1.0 Transitional//EN"
    "http://www.w3.org/TR/xhtml1/DTD/xhtml1-transitional.dtd">
<html xmlns="http://www.w3.org/1999/xhtml" xml:lang="en" lang="en">
 <head>
  <title>
</title>
<meta http-equiv="Content-Type" content="text/html;charset=utf-8" />
  <meta name='ocr-system' content='tesseract 3.04.00' />
  <meta name='ocr-capabilities' content='ocr_page ocr_carea ocr_par ocr_line ocrx_word'/>
</head>
<body>
  <div class='ocr_page' id='page_1' title='image "./pvergilimaronis01ribbgoog/pvergilimaronis01ribbgoog_0267.png"; bbox 0 0 2956 4906; ppageno 0'>
   <div class='ocr_carea' id='block_1_1' title="bbox 242 325 935 390">
    <p class='ocr_par' dir='ltr' id='par_1_1' title="bbox 242 325 935 390">
     <span class='ocr_line' id='line_1_1' title="bbox 242 325 935 390; baseline -0.007 -2"><span class='ocrx_word' id='word_1_1' title='bbox 242 325 308 390; x_wconf 74' lang='lat'>230</span> <span class='ocrx_word' id='word_1_2' title='bbox 691 343 935 388; x_wconf 77' lang='lat' dir='ltr'>rsotnooucue.</span> 
     </span>
    </p>
   </div>
   <div class='ocr_carea' id='block_1_2' title="bbox 159 506 1398 792">
    <p class='ocr_par' dir='ltr' id='par_1_2' title="bbox 159 506 1398 792">
     <span class='ocr_line' id='line_1_2' title="bbox 328 506 1391 589; baseline -0.005 -15"><span class='ocrx_word' id='word_1_3' title='bbox 328 515 371 576; x_wconf 85' lang='lat' dir='ltr'>Ex</span> <span class='ocrx_word' id='word_1_4' title='bbox 393 511 469 573; x_wconf 90' lang='lat' dir='ltr'>libro</span> <span class='ocrx_word' id='word_1_5' title='bbox 492 510 657 573; x_wconf 82' lang='lat' dir='ltr'>uncialibus</span> <span class='ocrx_word' id='word_1_6' title='bbox 679 510 786 571; x_wconf 90' lang='lat' dir='ltr'>litteris</span> <span class='ocrx_word' id='word_1_7' title='bbox 809 510 921 589; x_wconf 85' lang='lat' dir='ltr'>scripto</span> <span class='ocrx_word' id='word_1_8' title='bbox 943 507 1024 570; x_wconf 93' lang='lat' dir='ltr'>hunc</span> <span class='ocrx_word' id='word_1_9' title='bbox 1045 506 1178 569; x_wconf 82' lang='lat' dir='ltr'><strong>codicem</strong></span> <span class='ocrx_word' id='word_1_10' title='bbox 1203 515 1301 569; x_wconf 90' lang='lat' dir='ltr'>ortum</span> <span class='ocrx_word' id='word_1_11' title='bbox 1326 527 1391 569; x_wconf 89' lang='lat' dir='ltr'>esse</span> 
     </span>
     <span class='ocr_line' id='line_1_3' title="bbox 159 607 1392 695; baseline -0.004 -20"><span class='ocrx_word' id='word_1_12' title='bbox 159 689 165 695; x_wconf 27' lang='grc' dir='ltr'>Ι</span> <span class='ocrx_word' id='word_1_13' title='bbox 244 615 330 676; x_wconf 92' lang='lat' dir='ltr'>docet</span> <span class='ocrx_word' id='word_1_14' title='bbox 359 613 528 693; x_wconf 75' lang='lat' dir='ltr'>corruptela</span> <span class='ocrx_word' id='word_1_15' title='bbox 558 612 611 673; x_wconf 91' lang='lat' dir='ltr'>ecl.</span> <span class='ocrx_word' id='word_1_16' title='bbox 637 612 690 673; x_wconf 96' lang='lat' dir='ltr'>llll</span> <span class='ocrx_word' id='word_1_17' title='bbox 712 607 754 674; x_wconf 85' lang='lat'>36</span> <span class='ocrx_word' id='word_1_18' title='bbox 782 612 903 674; x_wconf 77' lang='lat' dir='ltr'>nobiliis</span> <span class='ocrx_word' id='word_1_19' title='bbox 931 629 986 689; x_wconf 92' lang='lat' dir='ltr'>pro</span> <span class='ocrx_word' id='word_1_20' title='bbox 1014 607 1207 672; x_wconf 81' lang='lat' dir='ltr'>ACHlLLES.</span> <span class='ocrx_word' id='word_1_21' title='bbox 1257 610 1392 689; x_wconf 82' lang='lat' dir='ltr'>Suntque</span> 
     </span>
     <span class='ocr_line' id='line_1_4' title="bbox 243 710 1398 792; baseline -0.003 -16"><span class='ocrx_word' id='word_1_22' title='bbox 243 716 315 776; x_wconf 81' lang='lat' dir='ltr'>Aen.</span> <span class='ocrx_word' id='word_1_23' title='bbox 339 715 351 776; x_wconf 96' lang='lat' dir='ltr'>l</span> <span class='ocrx_word' id='word_1_24' title='bbox 374 712 437 777; x_wconf 87' lang='lat'>310</span> <span class='ocrx_word' id='word_1_25' title='bbox 459 723 489 776; x_wconf 88' lang='lat' dir='ltr'>et</span> <span class='ocrx_word' id='word_1_26' title='bbox 509 710 573 774; x_wconf 87' lang='lat'>419</span> <span class='ocrx_word' id='word_1_27' title='bbox 595 712 652 774; x_wconf 91' lang='lat' dir='ltr'>hoc</span> <span class='ocrx_word' id='word_1_28' title='bbox 675 711 970 782; x_wconf 74' lang='lat' dir='ltr'>charactere&#39;simili</span> <span class='ocrx_word' id='word_1_29' title='bbox 993 711 1043 772; x_wconf 92' lang='lat' dir='ltr'>illo</span> <span class='ocrx_word' id='word_1_30' title='bbox 1066 711 1186 792; x_wconf 90' lang='lat' dir='ltr'>quidem</span> <span class='ocrx_word' id='word_1_31' title='bbox 1210 713 1344 774; x_wconf 89' lang='lat' dir='ltr'>Vaticani</span> <span class='ocrx_word' id='word_1_32' title='bbox 1367 715 1398 773; x_wconf 61' lang='grc' dir='ltr'>[ν’</span> 
     </span>
    </p>
   </div>
   <div class='ocr_carea' id='block_1_3' title="bbox 150 817 526 898">
    <p class='ocr_par' dir='ltr' id='par_1_3' title="bbox 150 817 526 898">
     <span class='ocr_line' id='line_1_5' title="bbox 150 817 526 898; baseline -0.005 -18"><span class='ocrx_word' id='word_1_33' title='bbox 150 855 153 862; x_wconf 45' lang='grc'><strong><em>’</em></strong></span> <span class='ocrx_word' id='word_1_34' title='bbox 245 819 422 898; x_wconf 78' lang='lat' dir='ltr'>scripturae,</span> <span class='ocrx_word' id='word_1_35' title='bbox 446 817 526 896; x_wconf 90' lang='lat' dir='ltr'>picti.</span> 
     </span>
    </p>
   </div>
   <div class='ocr_carea' id='block_1_4' title="bbox 176 913 1417 2399">
    <p class='ocr_par' dir='ltr' id='par_1_4' title="bbox 239 913 1395 1604">
     <span class='ocr_line' id='line_1_6' title="bbox 329 913 1392 997; baseline -0.002 -18"><span class='ocrx_word' id='word_1_36' title='bbox 329 919 484 997; x_wconf 89' lang='lat' dir='ltr'>Bongarsii</span> <span class='ocrx_word' id='word_1_37' title='bbox 506 916 576 978; x_wconf 94' lang='lat' dir='ltr'>olim</span> <span class='ocrx_word' id='word_1_38' title='bbox 600 918 654 978; x_wconf 90' lang='lat' dir='ltr'>luit</span> <span class='ocrx_word' id='word_1_39' title='bbox 677 915 770 978; x_wconf 81' lang='lat' dir='ltr'>codex</span> <span class='ocrx_word' id='word_1_40' title='bbox 793 933 811 978; x_wconf 87' lang='lat' dir='ltr'>c</span> <span class='ocrx_word' id='word_1_41' title='bbox 833 915 988 978; x_wconf 90' lang='lat' dir='ltr'>alibrario</span> <span class='ocrx_word' id='word_1_42' title='bbox 1003 916 1218 995; x_wconf 89' lang='lat' dir='ltr'>inperitissimo</span> <span class='ocrx_word' id='word_1_43' title='bbox 1234 913 1392 995; x_wconf 87' lang='lat' dir='ltr'>Latinique</span> 
     </span>
     <span class='ocr_line' id='line_1_7' title="bbox 246 1015 1391 1098; baseline -0.004 -16"><span class='ocrx_word' id='word_1_44' title='bbox 246 1021 393 1083; x_wconf 87' lang='lat' dir='ltr'>sermonis</span> <span class='ocrx_word' id='word_1_45' title='bbox 415 1037 540 1098; x_wconf 90' lang='lat' dir='ltr'>prorsus</span> <span class='ocrx_word' id='word_1_46' title='bbox 563 1019 668 1097; x_wconf 91' lang='lat' dir='ltr'>ignaro</span> <span class='ocrx_word' id='word_1_47' title='bbox 690 1019 828 1098; x_wconf 85' lang='lat' dir='ltr'>scriptus,</span> <span class='ocrx_word' id='word_1_48' title='bbox 860 1017 904 1078; x_wconf 90' lang='lat' dir='ltr'>vel</span> <span class='ocrx_word' id='word_1_49' title='bbox 927 1019 1028 1098; x_wconf 90' lang='lat' dir='ltr'>potius</span> <span class='ocrx_word' id='word_1_50' title='bbox 1051 1015 1164 1078; x_wconf 89' lang='lat' dir='ltr'>duabus</span> <span class='ocrx_word' id='word_1_51' title='bbox 1186 1016 1324 1077; x_wconf 86' lang='lat' dir='ltr'>manibus</span> <span class='ocrx_word' id='word_1_52' title='bbox 1348 1017 1391 1077; x_wconf 92' lang='lat' dir='ltr'>di-</span> 
     </span>
     <span class='ocr_line' id='line_1_8' title="bbox 246 1117 1395 1201; baseline 0.001 -22"><span class='ocrx_word' id='word_1_53' title='bbox 246 1123 348 1192; x_wconf 88' lang='lat' dir='ltr'>rersis,</span> <span class='ocrx_word' id='word_1_54' title='bbox 372 1139 496 1201; x_wconf 89' lang='lat' dir='ltr'>quarum</span> <span class='ocrx_word' id='word_1_55' title='bbox 519 1119 611 1180; x_wconf 88' lang='lat' dir='ltr'>altera</span> <span class='ocrx_word' id='word_1_56' title='bbox 634 1119 739 1199; x_wconf 77' lang='lat' dir='ltr'>incipit</span> <span class='ocrx_word' id='word_1_57' title='bbox 759 1119 951 1198; x_wconf 90' lang='lat' dir='ltr'>ageorgicon</span> <span class='ocrx_word' id='word_1_58' title='bbox 967 1117 1045 1180; x_wconf 92' lang='lat' dir='ltr'>libro</span> <span class='ocrx_word' id='word_1_59' title='bbox 1060 1117 1203 1179; x_wconf 88' lang='lat' dir='ltr'>secundo.</span> <span class='ocrx_word' id='word_1_60' title='bbox 1234 1117 1395 1180; x_wconf 85' lang='lat' dir='ltr'>Continent</span> 
     </span>
     <span class='ocr_line' id='line_1_9' title="bbox 239 1211 1391 1307; baseline -0.004 -22"><span class='ocrx_word' id='word_1_61' title='bbox 239 1226 277 1307; x_wconf 88' lang='lat' dir='ltr'>¹in</span> <span class='ocrx_word' id='word_1_62' title='bbox 298 1224 400 1302; x_wconf 91' lang='lat' dir='ltr'>priore</span> <span class='ocrx_word' id='word_1_63' title='bbox 428 1229 512 1302; x_wconf 89' lang='lat' dir='ltr'>parte</span> <span class='ocrx_word' id='word_1_64' title='bbox 540 1220 674 1299; x_wconf 82' lang='lat' dir='ltr'>singulae</span> <span class='ocrx_word' id='word_1_65' title='bbox 707 1222 831 1300; x_wconf 83' lang='lat' dir='ltr'>paginae</span> <span class='ocrx_word' id='word_1_66' title='bbox 861 1239 964 1282; x_wconf 83' lang='lat' dir='ltr'>versus</span> <span class='ocrx_word' id='word_1_67' title='bbox 987 1219 1053 1290; x_wconf 83' lang='lat' dir='ltr'>xx,</span> <span class='ocrx_word' id='word_1_68' title='bbox 1075 1211 1118 1280; x_wconf 83' lang='lat' dir='ltr'>¹in</span> <span class='ocrx_word' id='word_1_69' title='bbox 1149 1218 1242 1282; x_wconf 91' lang='lat' dir='ltr'>altera</span> <span class='ocrx_word' id='word_1_70' title='bbox 1265 1219 1391 1282; x_wconf 84' lang='lat' dir='ltr'>llllVlll.</span> 
     </span>
     <span class='ocr_line' id='line_1_10' title="bbox 247 1319 1394 1401; baseline -0.003 -15"><span class='ocrx_word' id='word_1_71' title='bbox 247 1325 356 1386; x_wconf 87' lang='lat' dir='ltr'>Omlssi</span> <span class='ocrx_word' id='word_1_72' title='bbox 378 1341 424 1401; x_wconf 91' lang='lat' dir='ltr'>ge.</span> <span class='ocrx_word' id='word_1_73' title='bbox 449 1322 502 1384; x_wconf 98' lang='lat' dir='ltr'>llll</span> <span class='ocrx_word' id='word_1_74' title='bbox 523 1319 664 1392; x_wconf 71' lang='lat'>44-75,</span> <span class='ocrx_word' id='word_1_75' title='bbox 692 1322 723 1383; x_wconf 91' lang='lat' dir='ltr'>b.</span> <span class='ocrx_word' id='word_1_76' title='bbox 748 1340 774 1383; x_wconf 88' lang='lat' dir='ltr'>e.</span> <span class='ocrx_word' id='word_1_77' title='bbox 797 1340 901 1383; x_wconf 82' lang='lat' dir='ltr'>versus</span> <span class='ocrx_word' id='word_1_78' title='bbox 924 1321 1044 1392; x_wconf 82' lang='lat' dir='ltr'>Xllllll,</span> <span class='ocrx_word' id='word_1_79' title='bbox 1078 1322 1130 1401; x_wconf 91' lang='lat' dir='ltr'>qui</span> <span class='ocrx_word' id='word_1_80' title='bbox 1151 1321 1280 1383; x_wconf 84' lang='lat' dir='ltr'>tortasse</span> <span class='ocrx_word' id='word_1_81' title='bbox 1301 1341 1394 1383; x_wconf 91' lang='lat' dir='ltr'>unum</span> 
     </span>
     <span class='ocr_line' id='line_1_11' title="bbox 248 1419 1395 1504; baseline -0.003 -17"><span class='ocrx_word' id='word_1_82' title='bbox 248 1426 401 1504; x_wconf 84' lang='lat' dir='ltr'>archetypi</span> <span class='ocrx_word' id='word_1_83' title='bbox 425 1424 528 1485; x_wconf 90' lang='lat' dir='ltr'>lolium</span> <span class='ocrx_word' id='word_1_84' title='bbox 551 1423 728 1484; x_wconf 86' lang='lat' dir='ltr'>elliciebant.</span> <span class='ocrx_word' id='word_1_85' title='bbox 778 1422 966 1500; x_wconf 80' lang='lat' dir='ltr'>scholiorum</span> <span class='ocrx_word' id='word_1_86' title='bbox 989 1419 1139 1500; x_wconf 92' lang='lat' dir='ltr'>aliquanto</span> <span class='ocrx_word' id='word_1_87' title='bbox 1163 1425 1262 1485; x_wconf 89' lang='lat' dir='ltr'>minus</span> <span class='ocrx_word' id='word_1_88' title='bbox 1283 1425 1315 1484; x_wconf 95' lang='lat' dir='ltr'>in</span> <span class='ocrx_word' id='word_1_89' title='bbox 1338 1423 1395 1484; x_wconf 92' lang='lat' dir='ltr'>boc</span> 
     </span>
     <span class='ocr_line' id='line_1_12' title="bbox 249 1526 540 1604; baseline -0.007 -16"><span class='ocrx_word' id='word_1_90' title='bbox 249 1527 327 1588; x_wconf 89' lang='lat' dir='ltr'>libro</span> <span class='ocrx_word' id='word_1_91' title='bbox 350 1544 438 1604; x_wconf 92' lang='lat' dir='ltr'>quam</span> <span class='ocrx_word' id='word_1_92' title='bbox 461 1526 492 1586; x_wconf 93' lang='lat' dir='ltr'>in</span> <span class='ocrx_word' id='word_1_93' title='bbox 514 1527 540 1587; x_wconf 84' lang='lat' dir='ltr'>b.</span> 
     </span>
    </p>

    <p class='ocr_par' dir='ltr' id='par_1_5' title="bbox 249 1625 1396 1816">
     <span class='ocr_line' id='line_1_13' title="bbox 335 1625 1396 1705; baseline -0.003 -16"><span class='ocrx_word' id='word_1_94' title='bbox 335 1626 454 1690; x_wconf 87' lang='lat' dir='ltr'>Contuli</span> <span class='ocrx_word' id='word_1_95' title='bbox 478 1635 591 1688; x_wconf 82' lang='lat' dir='ltr'>textum</span> <span class='ocrx_word' id='word_1_96' title='bbox 615 1625 760 1688; x_wconf 90' lang='lat' dir='ltr'>librorum</span> <span class='ocrx_word' id='word_1_97' title='bbox 783 1627 819 1689; x_wconf 86' lang='lat' dir='ltr'>dc</span> <span class='ocrx_word' id='word_1_98' title='bbox 840 1628 1007 1705; x_wconf 87' lang='lat' dir='ltr'>integrum,</span> <span class='ocrx_word' id='word_1_99' title='bbox 1032 1626 1142 1688; x_wconf 87' lang='lat' dir='ltr'>codicis</span> <span class='ocrx_word' id='word_1_100' title='bbox 1165 1643 1185 1686; x_wconf 89' lang='grc' dir='ltr'><em>α</em></span> <span class='ocrx_word' id='word_1_101' title='bbox 1208 1644 1260 1688; x_wconf 88' lang='lat' dir='ltr'>eas</span> <span class='ocrx_word' id='word_1_102' title='bbox 1282 1633 1396 1688; x_wconf 88' lang='lat' dir='ltr'>tantum</span> 
     </span>
     <span class='ocr_line' id='line_1_14' title="bbox 249 1727 1111 1816; baseline 0 -27"><span class='ocrx_word' id='word_1_103' title='bbox 249 1737 349 1810; x_wconf 86' lang='lat' dir='ltr'>partes</span> <span class='ocrx_word' id='word_1_104' title='bbox 372 1745 447 1806; x_wconf 89' lang='lat' dir='ltr'>quae</span> <span class='ocrx_word' id='word_1_105' title='bbox 468 1746 530 1789; x_wconf 94' lang='lat' dir='ltr'>non</span> <span class='ocrx_word' id='word_1_106' title='bbox 553 1727 693 1806; x_wconf 88' lang='lat' dir='ltr'>leguntur</span> <span class='ocrx_word' id='word_1_107' title='bbox 715 1730 746 1788; x_wconf 93' lang='lat' dir='ltr'>in</span> <span class='ocrx_word' id='word_1_108' title='bbox 768 1728 902 1789; x_wconf 85' lang='lat' dir='ltr'>Romano</span> <span class='ocrx_word' id='word_1_109' title='bbox 926 1730 996 1805; x_wconf 75' lang='lat' dir='ltr'><em>(Ii).</em></span> <span class='ocrx_word' id='word_1_110' title='bbox 1107 1811 1111 1816; x_wconf 27' lang='grc' dir='ltr'>Ι</span> 
     </span>
    </p>

    <p class='ocr_par' dir='ltr' id='par_1_6' title="bbox 176 1827 1417 2399">
     <span class='ocr_line' id='line_1_15' title="bbox 335 1827 1398 1910; baseline -0.001 -19"><span class='ocrx_word' id='word_1_111' title='bbox 335 1827 384 1908; x_wconf 88' lang='grc'>10)</span> <span class='ocrx_word' id='word_1_112' title='bbox 398 1830 463 1891; x_wconf 89' lang='lat' dir='ltr'>Non</span> <span class='ocrx_word' id='word_1_113' title='bbox 481 1829 538 1890; x_wconf 92' lang='lat' dir='ltr'>vidi</span> <span class='ocrx_word' id='word_1_114' title='bbox 554 1829 828 1905; x_wconf 81' lang='lat' dir='ltr'>Minoruupienrem</span> <span class='ocrx_word' id='word_1_115' title='bbox 845 1832 915 1906; x_wconf 86' lang='lat' dir='ltr'>(m),</span> <span class='ocrx_word' id='word_1_116' title='bbox 929 1829 1008 1891; x_wconf 91' lang='lat' dir='ltr'>unde</span> <span class='ocrx_word' id='word_1_117' title='bbox 1024 1832 1139 1910; x_wconf 87' lang='lat' dir='ltr'>primus</span> <span class='ocrx_word' id='word_1_118' title='bbox 1155 1839 1294 1910; x_wconf 79' lang='lat' dir='ltr'>excerpta</span> <span class='ocrx_word' id='word_1_119' title='bbox 1306 1830 1398 1890; x_wconf 88' lang='lat' dir='ltr'>edidit</span> 
     </span>
     <span class='ocr_line' id='line_1_16' title="bbox 249 1927 1395 2010; baseline -0.004 -15"><span class='ocrx_word' id='word_1_120' title='bbox 249 1932 408 1996; x_wconf 84' lang='lat' dir='ltr'>Hasslerus</span> <span class='ocrx_word' id='word_1_121' title='bbox 429 1933 460 1992; x_wconf 92' lang='lat' dir='ltr'>in</span> <span class='ocrx_word' id='word_1_122' title='bbox 483 1947 583 2010; x_wconf 83' lang='lat' dir='ltr'>progr.</span> <span class='ocrx_word' id='word_1_123' title='bbox 608 1929 741 1992; x_wconf 89' lang='lat' dir='ltr'>Ulmensi</span> <span class='ocrx_word' id='word_1_124' title='bbox 763 1949 840 1991; x_wconf 91' lang='lat' dir='ltr'>anno</span> <span class='ocrx_word' id='word_1_125' title='bbox 866 1927 964 2000; x_wconf 75' lang='lat'>1855.</span> <span class='ocrx_word' id='word_1_126' title='bbox 988 1937 1050 1992; x_wconf 90' lang='lat' dir='ltr'>tum</span> <span class='ocrx_word' id='word_1_127' title='bbox 1075 1933 1241 1993; x_wconf 89' lang='lat' dir='ltr'>accuratius</span> <span class='ocrx_word' id='word_1_128' title='bbox 1265 1930 1301 1991; x_wconf 91' lang='lat' dir='ltr'>ab</span> <span class='ocrx_word' id='word_1_129' title='bbox 1325 1950 1395 1993; x_wconf 91' lang='lat' dir='ltr'>ano·</span> 
     </span>
     <span class='ocr_line' id='line_1_17' title="bbox 250 2021 1417 2113; baseline -0.001 -19"><span class='ocrx_word' id='word_1_130' title='bbox 250 2052 337 2113; x_wconf 78' lang='lat' dir='ltr'>nymo</span> <span class='ocrx_word' id='word_1_131' title='bbox 360 2031 503 2094; x_wconf 85' lang='lat' dir='ltr'>collectae</span> <span class='ocrx_word' id='word_1_132' title='bbox 526 2033 691 2112; x_wconf 87' lang='lat' dir='ltr'>scripturae</span> <span class='ocrx_word' id='word_1_133' title='bbox 713 2033 742 2092; x_wconf 90' lang='lat' dir='ltr'>in</span> <span class='ocrx_word' id='word_1_134' title='bbox 758 2039 980 2111; x_wconf 84' lang='lat' dir='ltr'>programmate</span> <span class='ocrx_word' id='word_1_135' title='bbox 998 2034 1142 2113; x_wconf 79' lang='lat' dir='ltr'>gymnasii</span> <span class='ocrx_word' id='word_1_136' title='bbox 1155 2021 1417 2094; x_wconf 73' lang='lat' dir='ltr'>lietdttrcbensts&#39;</span> 
     </span>
     <span class='ocr_line' id='line_1_18' title="bbox 252 2129 1395 2222; baseline -0.002 -26"><span class='ocrx_word' id='word_1_137' title='bbox 252 2136 320 2196; x_wconf 93' lang='lat' dir='ltr'>anni</span> <span class='ocrx_word' id='word_1_138' title='bbox 346 2129 482 2213; x_wconf 58' lang='grc'><strong>1860161</strong></span> <span class='ocrx_word' id='word_1_139' title='bbox 506 2132 692 2212; x_wconf 87' lang='lat' dir='ltr'>prodierunt.</span> <span class='ocrx_word' id='word_1_140' title='bbox 746 2133 788 2194; x_wconf 88' lang='lat' dir='ltr'>lle</span> <span class='ocrx_word' id='word_1_141' title='bbox 816 2132 873 2193; x_wconf 89' lang='lat' dir='ltr'>boo</span> <span class='ocrx_word' id='word_1_142' title='bbox 902 2133 1022 2212; x_wconf 90' lang='lat' dir='ltr'>quidem</span> <span class='ocrx_word' id='word_1_143' title='bbox 1050 2134 1153 2222; x_wconf 78' lang='lat' dir='ltr'>codice</span> <span class='ocrx_word' id='word_1_144' title='bbox 1176 2136 1395 2196; x_wconf 86' lang='lat' dir='ltr'>enarrationem</span> 
     </span>
     <span class='ocr_line' id='line_1_19' title="bbox 176 2231 1398 2316; baseline 0 -20"><span class='ocrx_word' id='word_1_145' title='bbox 176 2279 182 2288; x_wconf 84' lang='lat'>.</span> <span class='ocrx_word' id='word_1_146' title='bbox 250 2235 431 2297; x_wconf 88' lang='lat' dir='ltr'>uberrimam</span> <span class='ocrx_word' id='word_1_147' title='bbox 455 2235 568 2295; x_wconf 90' lang='lat' dir='ltr'>diurnis</span> <span class='ocrx_word' id='word_1_148' title='bbox 590 2252 689 2314; x_wconf 74' lang='lat' dir='ltr'>gymn.</span> <span class='ocrx_word' id='word_1_149' title='bbox 713 2237 811 2296; x_wconf 72' lang='lat' dir='ltr'>lustr.</span> <span class='ocrx_word' id='word_1_150' title='bbox 835 2253 913 2296; x_wconf 90' lang='lat' dir='ltr'>anno</span> <span class='ocrx_word' id='word_1_151' title='bbox 938 2231 1021 2297; x_wconf 82' lang='lat'>1865</span> <span class='ocrx_word' id='word_1_152' title='bbox 1043 2255 1071 2316; x_wconf 92' lang='lat' dir='ltr'>p.</span> <span class='ocrx_word' id='word_1_153' title='bbox 1098 2233 1156 2297; x_wconf 85' lang='lat'>141</span> <span class='ocrx_word' id='word_1_154' title='bbox 1181 2253 1247 2316; x_wconf 88' lang='lat' dir='ltr'>sqq.</span> <span class='ocrx_word' id='word_1_155' title='bbox 1271 2238 1398 2297; x_wconf 90' lang='lat' dir='ltr'>inseruit</span> 
     </span>
     <span class='ocr_line' id='line_1_20' title="bbox 250 2335 1396 2399; baseline -0.002 0"><span class='ocrx_word' id='word_1_156' title='bbox 250 2335 393 2399; x_wconf 89' lang='lat' dir='ltr'>Emanuel</span> <span class='ocrx_word' id='word_1_157' title='bbox 409 2336 613 2397; x_wconf 83' lang='lat' dir='ltr'>Hollnrannus.</span> <span class='ocrx_word' id='word_1_158' title='bbox 659 2335 750 2398; x_wconf 83' lang='lat' dir='ltr'>Ortus</span> <span class='ocrx_word' id='word_1_159' title='bbox 772 2343 872 2397; x_wconf 91' lang='lat' dir='ltr'>autem</span> <span class='ocrx_word' id='word_1_160' title='bbox 894 2336 989 2397; x_wconf 81' lang='lat' dir='ltr'>codex</span> <span class='ocrx_word' id='word_1_161' title='bbox 1003 2337 1054 2398; x_wconf 90' lang='lat' dir='ltr'>ille</span> <span class='ocrx_word' id='word_1_162' title='bbox 1069 2357 1106 2398; x_wconf 83' lang='lat' dir='ltr'>ex</span> <span class='ocrx_word' id='word_1_163' title='bbox 1120 2337 1396 2398; x_wconf 85' lang='lat' dir='ltr'>Praetnonstraten·</span> 
     </span>
    </p>
   </div>
   <div class='ocr_carea' id='block_1_5' title="bbox 249 2433 1400 3131">
    <p class='ocr_par' dir='ltr' id='par_1_7' title="bbox 249 2433 1400 3131">
     <span class='ocr_line' id='line_1_21' title="bbox 249 2433 1396 2518; baseline 0.002 -22"><span class='ocrx_word' id='word_1_164' title='bbox 249 2433 325 2498; x_wconf 85' lang='lat' dir='ltr'>sium</span> <span class='ocrx_word' id='word_1_165' title='bbox 349 2436 467 2497; x_wconf 87' lang='lat' dir='ltr'>abbatia</span> <span class='ocrx_word' id='word_1_166' title='bbox 478 2437 727 2506; x_wconf 87' lang='lat' dir='ltr'>Weissenauensi,</span> <span class='ocrx_word' id='word_1_167' title='bbox 752 2455 828 2514; x_wconf 91' lang='lat' dir='ltr'>quae</span> <span class='ocrx_word' id='word_1_168' title='bbox 849 2439 942 2516; x_wconf 75' lang='lat' dir='ltr'>Angla</span> <span class='ocrx_word' id='word_1_169' title='bbox 957 2438 1054 2500; x_wconf 88' lang='lat' dir='ltr'>llinor</span> <span class='ocrx_word' id='word_1_170' title='bbox 1077 2437 1256 2518; x_wconf 80' lang='lat' dir='ltr'>appellatur,</span> <span class='ocrx_word' id='word_1_171' title='bbox 1279 2437 1396 2500; x_wconf 88' lang='lat' dir='ltr'>sublato</span> 
     </span>
     <span class='ocr_line' id='line_1_22' title="bbox 251 2536 1398 2619; baseline 0.003 -21"><span class='ocrx_word' id='word_1_172' title='bbox 251 2545 354 2600; x_wconf 86' lang='lat' dir='ltr'>sancto</span> <span class='ocrx_word' id='word_1_173' title='bbox 377 2536 501 2616; x_wconf 90' lang='lat' dir='ltr'>collegio</span> <span class='ocrx_word' id='word_1_174' title='bbox 524 2538 630 2599; x_wconf 90' lang='lat' dir='ltr'>Comiti</span> <span class='ocrx_word' id='word_1_175' title='bbox 659 2538 938 2616; x_wconf 86' lang='lat' dir='ltr'>aWaldburg·Zeil</span> <span class='ocrx_word' id='word_1_176' title='bbox 965 2558 1020 2619; x_wconf 90' lang='lat' dir='ltr'>per</span> <span class='ocrx_word' id='word_1_177' title='bbox 1047 2539 1220 2601; x_wconf 88' lang='lat' dir='ltr'>hereditatis</span> <span class='ocrx_word' id='word_1_178' title='bbox 1248 2541 1398 2602; x_wconf 85' lang='lat' dir='ltr'>vicissitu-</span> 
     </span>
     <span class='ocr_line' id='line_1_23' title="bbox 252 2637 1396 2718; baseline 0.003 -17"><span class='ocrx_word' id='word_1_179' title='bbox 252 2641 338 2702; x_wconf 84' lang='lat' dir='ltr'>dines</span> <span class='ocrx_word' id='word_1_180' title='bbox 362 2638 503 2707; x_wconf 77' lang='lat' dir='ltr'>traditus,</span> <span class='ocrx_word' id='word_1_181' title='bbox 538 2639 617 2718; x_wconf 91' lang='lat' dir='ltr'>apud</span> <span class='ocrx_word' id='word_1_182' title='bbox 640 2656 728 2717; x_wconf 91' lang='lat' dir='ltr'>quem</span> <span class='ocrx_word' id='word_1_183' title='bbox 751 2658 829 2700; x_wconf 92' lang='lat' dir='ltr'>anno</span> <span class='ocrx_word' id='word_1_184' title='bbox 854 2637 937 2702; x_wconf 85' lang='lat'>1854</span> <span class='ocrx_word' id='word_1_185' title='bbox 966 2641 1003 2702; x_wconf 96' lang='lat' dir='ltr'>ab</span> <span class='ocrx_word' id='word_1_186' title='bbox 1026 2640 1164 2702; x_wconf 87' lang='lat' dir='ltr'>Hasslero</span> <span class='ocrx_word' id='word_1_187' title='bbox 1187 2640 1312 2703; x_wconf 89' lang='lat' dir='ltr'>collatus</span> <span class='ocrx_word' id='word_1_188' title='bbox 1342 2650 1396 2711; x_wconf 89' lang='lat' dir='ltr'>cst,</span> 
     </span>
     <span class='ocr_line' id='line_1_24' title="bbox 252 2739 1398 2820; baseline 0.001 -17"><span class='ocrx_word' id='word_1_189' title='bbox 252 2742 289 2803; x_wconf 94' lang='lat' dir='ltr'>ab</span> <span class='ocrx_word' id='word_1_190' title='bbox 312 2740 363 2801; x_wconf 91' lang='lat' dir='ltr'>illo</span> <span class='ocrx_word' id='word_1_191' title='bbox 385 2749 491 2819; x_wconf 91' lang='lat' dir='ltr'>postea</span> <span class='ocrx_word' id='word_1_192' title='bbox 513 2739 647 2820; x_wconf 90' lang='lat' dir='ltr'>patribus</span> <span class='ocrx_word' id='word_1_193' title='bbox 669 2759 685 2800; x_wconf 89' lang='lat' dir='ltr'>a</span> <span class='ocrx_word' id='word_1_194' title='bbox 708 2743 849 2802; x_wconf 88' lang='lat' dir='ltr'>socictate</span> <span class='ocrx_word' id='word_1_195' title='bbox 872 2743 939 2803; x_wconf 92' lang='lat' dir='ltr'>lesu</span> <span class='ocrx_word' id='word_1_196' title='bbox 968 2742 1095 2803; x_wconf 90' lang='lat' dir='ltr'>donatus</span> <span class='ocrx_word' id='word_1_197' title='bbox 1123 2761 1204 2803; x_wconf 90' lang='lat' dir='ltr'>nunc</span> <span class='ocrx_word' id='word_1_198' title='bbox 1231 2744 1262 2804; x_wconf 93' lang='lat' dir='ltr'>in</span> <span class='ocrx_word' id='word_1_199' title='bbox 1290 2742 1398 2804; x_wconf 90' lang='lat' dir='ltr'>biblio·</span> 
     </span>
     <span class='ocr_line' id='line_1_25' title="bbox 253 2840 1400 2906; baseline 0.003 -5"><span class='ocrx_word' id='word_1_200' title='bbox 253 2842 338 2902; x_wconf 90' lang='lat' dir='ltr'>theca</span> <span class='ocrx_word' id='word_1_201' title='bbox 363 2859 467 2902; x_wconf 87' lang='lat' dir='ltr'>eorum</span> <span class='ocrx_word' id='word_1_202' title='bbox 490 2840 707 2906; x_wconf 81' lang='lat' dir='ltr'>Feldbaclronsi</span> <span class='ocrx_word' id='word_1_203' title='bbox 730 2850 816 2904; x_wconf 83' lang='lat' dir='ltr'>extat.</span> <span class='ocrx_word' id='word_1_204' title='bbox 863 2841 1000 2904; x_wconf 88' lang='lat' dir='ltr'>Continet</span> <span class='ocrx_word' id='word_1_205' title='bbox 1022 2843 1115 2904; x_wconf 75' lang='lat' dir='ltr'>codex</span> <span class='ocrx_word' id='word_1_206' title='bbox 1137 2843 1262 2905; x_wconf 90' lang='lat' dir='ltr'>membr.</span> <span class='ocrx_word' id='word_1_207' title='bbox 1287 2843 1400 2906; x_wconf 89' lang='lat' dir='ltr'>sacculi</span> 
     </span>
     <span class='ocr_line' id='line_1_26' title="bbox 254 2940 1399 3022; baseline 0.003 -18"><span class='ocrx_word' id='word_1_208' title='bbox 254 2943 308 3004; x_wconf 89' lang='lat' dir='ltr'>Xll</span> <span class='ocrx_word' id='word_1_209' title='bbox 331 2940 516 3022; x_wconf 88' lang='lat' dir='ltr'>probabilius</span> <span class='ocrx_word' id='word_1_210' title='bbox 540 2960 627 3021; x_wconf 88' lang='lat' dir='ltr'>quam</span> <span class='ocrx_word' id='word_1_211' title='bbox 656 2943 764 3004; x_wconf 90' lang='lat' dir='ltr'>decimi</span> <span class='ocrx_word' id='word_1_212' title='bbox 792 2942 926 3004; x_wconf 89' lang='lat' dir='ltr'>bucolica</span> <span class='ocrx_word' id='word_1_213' title='bbox 950 2956 979 3005; x_wconf 89' lang='lat' dir='ltr'>et</span> <span class='ocrx_word' id='word_1_214' title='bbox 1000 2944 1143 3014; x_wconf 79' lang='lat' dir='ltr'>Aeneida,</span> <span class='ocrx_word' id='word_1_215' title='bbox 1178 2946 1264 3007; x_wconf 92' lang='lat' dir='ltr'>cuius</span> <span class='ocrx_word' id='word_1_216' title='bbox 1298 2952 1399 3010; x_wconf 88' lang='lat' dir='ltr'>tamen</span> 
     </span>
     <span class='ocr_line' id='line_1_27' title="bbox 254 3041 1229 3131; baseline 0.003 -27"><span class='ocrx_word' id='word_1_217' title='bbox 254 3041 322 3104; x_wconf 89' lang='lat' dir='ltr'>lolia</span> <span class='ocrx_word' id='word_1_218' title='bbox 347 3043 490 3122; x_wconf 89' lang='lat' dir='ltr'>quaedam</span> <span class='ocrx_word' id='word_1_219' title='bbox 513 3045 682 3105; x_wconf 90' lang='lat' dir='ltr'>recentiore</span> <span class='ocrx_word' id='word_1_220' title='bbox 704 3064 793 3107; x_wconf 92' lang='lat' dir='ltr'>manu</span> <span class='ocrx_word' id='word_1_221' title='bbox 815 3047 925 3126; x_wconf 86' lang='lat' dir='ltr'>scripta</span> <span class='ocrx_word' id='word_1_222' title='bbox 948 3053 1027 3107; x_wconf 89' lang='lat' dir='ltr'>sunt.</span> <span class='ocrx_word' id='word_1_223' title='bbox 1116 3087 1117 3090; x_wconf 20' lang='grc' dir='ltr'><strong>κ</strong></span> <span class='ocrx_word' id='word_1_224' title='bbox 1225 3123 1229 3131; x_wconf 35' lang='grc'>,</span> 
     </span>
    </p>
   </div>
   <div class='ocr_carea' id='block_1_6' title="bbox 0 0 1500 4906">
    <p class='ocr_par' dir='ltr' id='par_1_8' title="bbox 0 0 1500 4906">
     <span class='ocr_line' id='line_1_28' title="bbox 0 0 1500 4906; baseline 0 0"><span class='ocrx_word' id='word_1_225' title='bbox 0 0 1500 4906; x_wconf 95' lang='lat' dir='ltr'> </span> 
     </span>
    </p>
   </div>
  </div>
 </body>
</html>
