<?xml version="1.0" encoding="UTF-8"?>
<!DOCTYPE html PUBLIC "-//W3C//DTD XHTML 1.0 Transitional//EN"
    "http://www.w3.org/TR/xhtml1/DTD/xhtml1-transitional.dtd">
<html xmlns="http://www.w3.org/1999/xhtml" xml:lang="en" lang="en">
 <head>
  <title>
</title>
<meta http-equiv="Content-Type" content="text/html;charset=utf-8" />
  <meta name='ocr-system' content='tesseract 3.04.00' />
  <meta name='ocr-capabilities' content='ocr_page ocr_carea ocr_par ocr_line ocrx_word'/>
</head>
<body>
  <div class='ocr_page' id='page_1' title='image "./pvergilimaronis01ribbgoog/pvergilimaronis01ribbgoog_0107.png"; bbox 0 0 3038 4912; ppageno 0'>
   <div class='ocr_carea' id='block_1_1' title="bbox 249 327 944 416">
    <p class='ocr_par' dir='ltr' id='par_1_1' title="bbox 249 327 944 416">
     <span class='ocr_line' id='line_1_1' title="bbox 249 327 944 416; baseline -0.001 -25"><span class='ocrx_word' id='word_1_1' title='bbox 249 327 290 391; x_wconf 81' lang='grc'><strong>70</strong></span> <span class='ocrx_word' id='word_1_2' title='bbox 516 401 525 416; x_wconf 90' lang='lat'><strong>.</strong></span> <span class='ocrx_word' id='word_1_3' title='bbox 696 347 944 392; x_wconf 75' lang='lat' dir='ltr'><strong>enounuouauA.</strong></span> 
     </span>
    </p>
   </div>
   <div class='ocr_carea' id='block_1_2' title="bbox 243 515 1397 1926">
    <p class='ocr_par' dir='ltr' id='par_1_2' title="bbox 243 515 1394 1302">
     <span class='ocr_line' id='line_1_2' title="bbox 243 515 1394 598; baseline 0 -18"><span class='ocrx_word' id='word_1_4' title='bbox 243 518 281 580; x_wconf 92' lang='lat' dir='ltr'><strong>ab</strong></span> <span class='ocrx_word' id='word_1_5' title='bbox 302 517 349 578; x_wconf 89' lang='lat' dir='ltr'><strong>his</strong></span> <span class='ocrx_word' id='word_1_6' title='bbox 371 518 409 578; x_wconf 89' lang='lat' dir='ltr'><strong>de</strong></span> <span class='ocrx_word' id='word_1_7' title='bbox 431 517 574 598; x_wconf 86' lang='lat' dir='ltr'><strong>Hesperia</strong></span> <span class='ocrx_word' id='word_1_8' title='bbox 595 535 656 578; x_wconf 91' lang='lat' dir='ltr'><strong>non</strong></span> <span class='ocrx_word' id='word_1_9' title='bbox 678 515 763 578; x_wconf 89' lang='lat' dir='ltr'><strong>video</strong></span> <span class='ocrx_word' id='word_1_10' title='bbox 786 516 856 596; x_wconf 91' lang='lat' dir='ltr'><strong>quid</strong></span> <span class='ocrx_word' id='word_1_11' title='bbox 881 519 989 579; x_wconf 90' lang='lat' dir='ltr'><strong>mirum</strong></span> <span class='ocrx_word' id='word_1_12' title='bbox 1012 518 1051 578; x_wconf 88' lang='lat' dir='ltr'><strong>sit</strong></span> <span class='ocrx_word' id='word_1_13' title='bbox 1071 515 1149 598; x_wconf 90' lang='lat' dir='ltr'><strong>quod</strong></span> <span class='ocrx_word' id='word_1_14' title='bbox 1169 537 1210 576; x_wconf 88' lang='lat' dir='ltr'><strong>vv.</strong></span> <span class='ocrx_word' id='word_1_15' title='bbox 1224 515 1394 580; x_wconf 80' lang='lat'>500-505</span> 
     </span>
     <span class='ocr_line' id='line_1_3' title="bbox 244 609 1392 701; baseline -0.001 -20"><span class='ocrx_word' id='word_1_16' title='bbox 244 617 357 681; x_wconf 89' lang='lat' dir='ltr'><strong>lleleno</strong></span> <span class='ocrx_word' id='word_1_17' title='bbox 381 616 443 682; x_wconf 83' lang='lat' dir='ltr'><strong>vale</strong></span> <span class='ocrx_word' id='word_1_18' title='bbox 466 619 569 680; x_wconf 90' lang='lat' dir='ltr'><strong>dicens</strong></span> <span class='ocrx_word' id='word_1_19' title='bbox 596 618 758 699; x_wconf 83' lang='lat' dir='ltr'><strong>‘siquando</strong></span> <span class='ocrx_word' id='word_1_20' title='bbox 780 619 924 701; x_wconf 81' lang='lat' dir='ltr'><strong>Thybrim</strong></span> <span class='ocrx_word' id='word_1_21' title='bbox 949 621 1102 698; x_wconf 83' lang='lat' dir='ltr'><strong>vicinaque</strong></span> <span class='ocrx_word' id='word_1_22' title='bbox 1124 618 1285 700; x_wconf 80' lang='lat' dir='ltr'>Thybridis</span> <span class='ocrx_word' id='word_1_23' title='bbox 1307 609 1392 681; x_wconf 89' lang='lat' dir='ltr'><strong>arva&#39;</strong></span> 
     </span>
     <span class='ocr_line' id='line_1_4' title="bbox 244 721 1393 801; baseline 0.001 -19"><span class='ocrx_word' id='word_1_24' title='bbox 244 722 413 791; x_wconf 83' lang='lat' dir='ltr'><strong>intraverit,</strong></span> <span class='ocrx_word' id='word_1_25' title='bbox 442 721 532 800; x_wconf 84' lang='lat' dir='ltr'><strong>Epiro</strong></span> <span class='ocrx_word' id='word_1_26' title='bbox 555 721 730 801; x_wconf 81' lang='lat' dir='ltr'><strong>Hesperiam</strong></span> <span class='ocrx_word' id='word_1_27' title='bbox 758 741 790 782; x_wconf 92' lang='lat' dir='ltr'><strong>se</strong></span> <span class='ocrx_word' id='word_1_28' title='bbox 812 723 983 784; x_wconf 82' lang='lat' dir='ltr'><strong>iuncturam</strong></span> <span class='ocrx_word' id='word_1_29' title='bbox 1006 739 1073 783; x_wconf 88' lang='lat' dir='ltr'><strong>esse</strong></span> <span class='ocrx_word' id='word_1_30' title='bbox 1094 723 1260 801; x_wconf 87' lang='lat' dir='ltr'><strong>profitetur.</strong></span> <span class='ocrx_word' id='word_1_31' title='bbox 1299 723 1393 794; x_wconf 85' lang='lat' dir='ltr'><strong>Quem</strong></span> 
     </span>
     <span class='ocr_line' id='line_1_5' title="bbox 244 820 1393 904; baseline -0.001 -19"><span class='ocrx_word' id='word_1_32' title='bbox 244 823 343 885; x_wconf 89' lang='lat' dir='ltr'><strong>locum</strong></span> <span class='ocrx_word' id='word_1_33' title='bbox 366 823 506 885; x_wconf 88' lang='lat' dir='ltr'><strong>secundis</strong></span> <span class='ocrx_word' id='word_1_34' title='bbox 529 823 607 884; x_wconf 92' lang='lat' dir='ltr'><strong>curis</strong></span> <span class='ocrx_word' id='word_1_35' title='bbox 630 841 646 883; x_wconf 88' lang='lat' dir='ltr'><strong>a</strong></span> <span class='ocrx_word' id='word_1_36' title='bbox 669 831 755 902; x_wconf 88' lang='lat' dir='ltr'><strong>poeta</strong></span> <span class='ocrx_word' id='word_1_37' title='bbox 778 823 804 883; x_wconf 98' lang='lat' dir='ltr'><strong>ll</strong></span> <span class='ocrx_word' id='word_1_38' title='bbox 819 820 882 885; x_wconf 78' lang='lat'><strong>782</strong></span> <span class='ocrx_word' id='word_1_39' title='bbox 904 825 1083 904; x_wconf 79' lang='lat' dir='ltr'><strong>respiciente</strong></span> <span class='ocrx_word' id='word_1_40' title='bbox 1105 822 1235 884; x_wconf 90' lang='lat' dir='ltr'><strong>additum</strong></span> <span class='ocrx_word' id='word_1_41' title='bbox 1260 843 1326 885; x_wconf 90' lang='lat' dir='ltr'><strong>esse</strong></span> <span class='ocrx_word' id='word_1_42' title='bbox 1349 830 1393 884; x_wconf 88' lang='lat' dir='ltr'><strong>te·</strong></span> 
     </span>
     <span class='ocr_line' id='line_1_6' title="bbox 245 924 1393 1007; baseline 0.002 -21"><span class='ocrx_word' id='word_1_43' title='bbox 245 943 327 986; x_wconf 90' lang='lat' dir='ltr'><strong>mere</strong></span> <span class='ocrx_word' id='word_1_44' title='bbox 356 925 483 987; x_wconf 85' lang='lat' dir='ltr'><strong>coniecit</strong></span> <span class='ocrx_word' id='word_1_45' title='bbox 504 924 637 986; x_wconf 81' lang='lat' dir='ltr'><strong>Conrado</strong></span> <span class='ocrx_word' id='word_1_46' title='bbox 665 944 694 1004; x_wconf 88' lang='lat' dir='ltr'><strong>p.</strong></span> <span class='ocrx_word' id='word_1_47' title='bbox 717 925 845 986; x_wconf 79' lang='lat' dir='ltr'><strong>llllVlll.</strong></span> <span class='ocrx_word' id='word_1_48' title='bbox 896 925 980 998; x_wconf 87' lang='lat' dir='ltr'><strong>Quod</strong></span> <span class='ocrx_word' id='word_1_49' title='bbox 1008 933 1106 986; x_wconf 87' lang='lat' dir='ltr'><strong>autem</strong></span> <span class='ocrx_word' id='word_1_50' title='bbox 1135 928 1166 986; x_wconf 90' lang='lat' dir='ltr'><strong>in</strong></span> <span class='ocrx_word' id='word_1_51' title='bbox 1187 932 1294 1007; x_wconf 88' lang='lat' dir='ltr'><strong>quarto</strong></span> <span class='ocrx_word' id='word_1_52' title='bbox 1316 924 1393 988; x_wconf 91' lang='lat' dir='ltr'><strong>libro</strong></span> 
     </span>
     <span class='ocr_line' id='line_1_7' title="bbox 244 1027 1394 1108; baseline 0.001 -19"><span class='ocrx_word' id='word_1_53' title='bbox 244 1029 373 1097; x_wconf 77' lang='lat' dir='ltr'><strong>Aeneas,</strong></span> <span class='ocrx_word' id='word_1_54' title='bbox 397 1027 449 1089; x_wconf 94' lang='lat' dir='ltr'><strong>ubi</strong></span> <span class='ocrx_word' id='word_1_55' title='bbox 466 1029 518 1088; x_wconf 87' lang='lat' dir='ltr'><strong>lati</strong></span> <span class='ocrx_word' id='word_1_56' title='bbox 541 1027 865 1094; x_wconf 67' lang='lat' dir='ltr'><strong>necesstutemfbidoni</strong></span> <span class='ocrx_word' id='word_1_57' title='bbox 889 1034 1017 1098; x_wconf 84' lang='lat' dir='ltr'><strong>excusat,</strong></span> <span class='ocrx_word' id='word_1_58' title='bbox 1041 1027 1184 1108; x_wconf 78' lang='lat' dir='ltr'><strong>Apollinis</strong></span> <span class='ocrx_word' id='word_1_59' title='bbox 1205 1030 1394 1108; x_wconf 89' lang='lat' dir='ltr'><strong>potissimum</strong></span> 
     </span>
     <span class='ocr_line' id='line_1_8' title="bbox 245 1125 1394 1211; baseline 0.002 -20"><span class='ocrx_word' id='word_1_60' title='bbox 245 1131 422 1192; x_wconf 86' lang='lat' dir='ltr'><strong>auctoritate</strong></span> <span class='ocrx_word' id='word_1_61' title='bbox 445 1125 518 1210; x_wconf 84' lang='lat'><strong>(345</strong></span> <span class='ocrx_word' id='word_1_62' title='bbox 540 1128 596 1209; x_wconf 83' lang='lat' dir='ltr'><strong>sq.)</strong></span> <span class='ocrx_word' id='word_1_63' title='bbox 619 1129 723 1190; x_wconf 89' lang='lat' dir='ltr'><strong>nititur</strong></span> <span class='ocrx_word' id='word_1_64' title='bbox 751 1149 807 1191; x_wconf 91' lang='lat' dir='ltr'><strong>nec</strong></span> <span class='ocrx_word' id='word_1_65' title='bbox 829 1132 964 1209; x_wconf 83' lang='lat' dir='ltr'><strong>coniugis</strong></span> <span class='ocrx_word' id='word_1_66' title='bbox 985 1132 1123 1211; x_wconf 89' lang='lat' dir='ltr'><strong>antiquae</strong></span> <span class='ocrx_word' id='word_1_67' title='bbox 1145 1132 1291 1211; x_wconf 91' lang='lat' dir='ltr'><strong>promissa</strong></span> <span class='ocrx_word' id='word_1_68' title='bbox 1314 1150 1394 1193; x_wconf 91' lang='lat' dir='ltr'><strong>com·</strong></span> 
     </span>
     <span class='ocr_line' id='line_1_9' title="bbox 245 1231 845 1302; baseline -0.005 -8"><span class='ocrx_word' id='word_1_69' title='bbox 245 1239 400 1302; x_wconf 87' lang='lat' dir='ltr'><strong>memorat,</strong></span> <span class='ocrx_word' id='word_1_70' title='bbox 424 1231 499 1293; x_wconf 87' lang='lat' dir='ltr'>nihil</span> <span class='ocrx_word' id='word_1_71' title='bbox 520 1231 556 1294; x_wconf 91' lang='lat' dir='ltr'><strong>ad</strong></span> <span class='ocrx_word' id='word_1_72' title='bbox 580 1231 656 1292; x_wconf 91' lang='lat' dir='ltr'><strong>hanc</strong></span> <span class='ocrx_word' id='word_1_73' title='bbox 677 1249 742 1293; x_wconf 89' lang='lat' dir='ltr'><strong>rem</strong></span> <span class='ocrx_word' id='word_1_74' title='bbox 765 1232 845 1293; x_wconf 88' lang='lat' dir='ltr'><strong>lacit.</strong></span> 
     </span>
    </p>

    <p class='ocr_par' dir='ltr' id='par_1_3' title="bbox 245 1330 1397 1926">
     <span class='ocr_line' id='line_1_10' title="bbox 330 1330 1395 1413; baseline 0 -17"><span class='ocrx_word' id='word_1_75' title='bbox 330 1334 362 1396; x_wconf 95' lang='lat' dir='ltr'><strong>ln</strong></span> <span class='ocrx_word' id='word_1_76' title='bbox 385 1337 475 1396; x_wconf 84' lang='lat' dir='ltr'><strong>tertio</strong></span> <span class='ocrx_word' id='word_1_77' title='bbox 497 1333 576 1395; x_wconf 92' lang='lat' dir='ltr'><strong>libro</strong></span> <span class='ocrx_word' id='word_1_78' title='bbox 591 1351 711 1395; x_wconf 86' lang='lat' dir='ltr'><strong>versum</strong></span> <span class='ocrx_word' id='word_1_79' title='bbox 726 1330 791 1394; x_wconf 83' lang='lat'><strong>280</strong></span> <span class='ocrx_word' id='word_1_80' title='bbox 813 1335 971 1413; x_wconf 74' lang='lat' dir='ltr'><strong>‘Actiaque</strong></span> <span class='ocrx_word' id='word_1_81' title='bbox 987 1335 1083 1396; x_wconf 89' lang='lat' dir='ltr'><strong>lliaeis</strong></span> <span class='ocrx_word' id='word_1_82' title='bbox 1099 1334 1287 1398; x_wconf 85' lang='lat' dir='ltr'><strong>celebramus</strong></span> <span class='ocrx_word' id='word_1_83' title='bbox 1307 1336 1395 1398; x_wconf 87' lang='lat' dir='ltr'><strong>litora</strong></span> 
     </span>
     <span class='ocr_line' id='line_1_11' title="bbox 245 1435 1395 1516; baseline 0 -18"><span class='ocrx_word' id='word_1_84' title='bbox 245 1437 341 1499; x_wconf 91' lang='lat' dir='ltr'><strong>ludis’</strong></span> <span class='ocrx_word' id='word_1_85' title='bbox 366 1435 522 1516; x_wconf 91' lang='lat' dir='ltr'><strong>probabile</strong></span> <span class='ocrx_word' id='word_1_86' title='bbox 546 1444 591 1498; x_wconf 88' lang='lat' dir='ltr'><strong>est</strong></span> <span class='ocrx_word' id='word_1_87' title='bbox 613 1438 759 1516; x_wconf 90' lang='lat' dir='ltr'><strong>scriptum</strong></span> <span class='ocrx_word' id='word_1_88' title='bbox 783 1455 849 1497; x_wconf 90' lang='lat' dir='ltr'><strong>esse</strong></span> <span class='ocrx_word' id='word_1_89' title='bbox 871 1445 1026 1516; x_wconf 78' lang='lat' dir='ltr'><strong>postquam</strong></span> <span class='ocrx_word' id='word_1_90' title='bbox 1049 1439 1080 1498; x_wconf 91' lang='lat' dir='ltr'><strong>in</strong></span> <span class='ocrx_word' id='word_1_91' title='bbox 1096 1439 1231 1499; x_wconf 78' lang='lat' dir='ltr'><strong>Actiacae</strong></span> <span class='ocrx_word' id='word_1_92' title='bbox 1254 1439 1395 1500; x_wconf 88' lang='lat' dir='ltr'><strong>victoriae</strong></span> 
     </span>
     <span class='ocr_line' id='line_1_12' title="bbox 246 1535 1394 1619; baseline 0 -18"><span class='ocrx_word' id='word_1_93' title='bbox 246 1542 419 1601; x_wconf 88' lang='lat' dir='ltr'><strong>memoriam</strong></span> <span class='ocrx_word' id='word_1_94' title='bbox 436 1541 569 1600; x_wconf 87' lang='lat' dir='ltr'><strong>instituta</strong></span> <span class='ocrx_word' id='word_1_95' title='bbox 582 1539 663 1601; x_wconf 88' lang='lat' dir='ltr'><strong>Aetia</strong></span> <span class='ocrx_word' id='word_1_96' title='bbox 682 1538 809 1615; x_wconf 83' lang='lat' dir='ltr'><strong>(Cassius</strong></span> <span class='ocrx_word' id='word_1_97' title='bbox 822 1539 874 1600; x_wconf 86' lang='lat' dir='ltr'><strong>llio</strong></span> <span class='ocrx_word' id='word_1_98' title='bbox 887 1540 924 1600; x_wconf 90' lang='lat' dir='ltr'><strong>Ll</strong></span> <span class='ocrx_word' id='word_1_99' title='bbox 937 1537 965 1616; x_wconf 86' lang='lat'><strong>1)</strong></span> <span class='ocrx_word' id='word_1_100' title='bbox 983 1557 1008 1599; x_wconf 89' lang='lat' dir='ltr'><strong>a.</strong></span> <span class='ocrx_word' id='word_1_101' title='bbox 1022 1535 1083 1601; x_wconf 77' lang='lat'><strong>726</strong></span> <span class='ocrx_word' id='word_1_102' title='bbox 1098 1541 1231 1619; x_wconf 91' lang='lat' dir='ltr'><strong>primum</strong></span> <span class='ocrx_word' id='word_1_103' title='bbox 1246 1539 1394 1602; x_wconf 87' lang='lat' dir='ltr'><strong>celebrata</strong></span> 
     </span>
     <span class='ocr_line' id='line_1_13' title="bbox 246 1639 1395 1722; baseline -0.002 -18"><span class='ocrx_word' id='word_1_104' title='bbox 246 1651 316 1705; x_wconf 93' lang='lat' dir='ltr'><strong>sunt</strong></span> <span class='ocrx_word' id='word_1_105' title='bbox 339 1641 428 1722; x_wconf 87' lang='lat' dir='ltr'><strong>(idem</strong></span> <span class='ocrx_word' id='word_1_106' title='bbox 450 1639 513 1702; x_wconf 84' lang='lat' dir='ltr'><strong>ttlt</strong></span> <span class='ocrx_word' id='word_1_107' title='bbox 530 1639 569 1718; x_wconf 91' lang='grc'><strong>1).</strong></span> <span class='ocrx_word' id='word_1_108' title='bbox 612 1640 686 1703; x_wconf 89' lang='lat' dir='ltr'><strong>Nam</strong></span> <span class='ocrx_word' id='word_1_109' title='bbox 703 1640 836 1702; x_wconf 78' lang='lat' dir='ltr'><strong>Caesaris</strong></span> <span class='ocrx_word' id='word_1_110' title='bbox 859 1660 948 1704; x_wconf 89' lang='lat' dir='ltr'><strong>causa</strong></span> <span class='ocrx_word' id='word_1_111' title='bbox 970 1641 1056 1703; x_wconf 77' lang='lat' dir='ltr'><strong>lucios</strong></span> <span class='ocrx_word' id='word_1_112' title='bbox 1079 1639 1145 1702; x_wconf 89' lang='lat' dir='ltr'><strong>illos</strong></span> <span class='ocrx_word' id='word_1_113' title='bbox 1168 1643 1395 1704; x_wconf 85' lang='lat' dir='ltr'><strong>commemorari</strong></span> 
     </span>
     <span class='ocr_line' id='line_1_14' title="bbox 248 1741 1397 1826; baseline 0.001 -22"><span class='ocrx_word' id='word_1_114' title='bbox 248 1747 311 1826; x_wconf 88' lang='lat' dir='ltr'><strong>ipse</strong></span> <span class='ocrx_word' id='word_1_115' title='bbox 334 1745 456 1806; x_wconf 86' lang='lat' dir='ltr'><strong>Servius</strong></span> <span class='ocrx_word' id='word_1_116' title='bbox 478 1749 594 1804; x_wconf 88' lang='lat' dir='ltr'><strong>monet:</strong></span> <span class='ocrx_word' id='word_1_117' title='bbox 618 1745 763 1822; x_wconf 79' lang='lat' dir='ltr'><strong>‘propter</strong></span> <span class='ocrx_word' id='word_1_118' title='bbox 785 1745 948 1822; x_wconf 80' lang='lat' dir='ltr'><strong>Augustum</strong></span> <span class='ocrx_word' id='word_1_119' title='bbox 969 1744 1026 1806; x_wconf 91' lang='lat' dir='ltr'><strong>hoc</strong></span> <span class='ocrx_word' id='word_1_120' title='bbox 1050 1743 1130 1814; x_wconf 88' lang='lat' dir='ltr'><strong>dicit,</strong></span> <span class='ocrx_word' id='word_1_121' title='bbox 1155 1746 1205 1821; x_wconf 91' lang='lat' dir='ltr'><strong>qui</strong></span> <span class='ocrx_word' id='word_1_122' title='bbox 1226 1741 1288 1805; x_wconf 92' lang='lat' dir='ltr'><strong>illie</strong></span> <span class='ocrx_word' id='word_1_123' title='bbox 1309 1743 1397 1805; x_wconf 89' lang='lat' dir='ltr'><strong>ludos</strong></span> 
     </span>
     <span class='ocr_line' id='line_1_15' title="bbox 250 1843 1395 1926; baseline -0.002 -17"><span class='ocrx_word' id='word_1_124' title='bbox 250 1849 351 1909; x_wconf 84' lang='lat' dir='ltr'><strong>statuit</strong></span> <span class='ocrx_word' id='word_1_125' title='bbox 379 1845 546 1924; x_wconf 80' lang='lat' dir='ltr'><strong>agonales’.</strong></span> <span class='ocrx_word' id='word_1_126' title='bbox 597 1845 652 1916; x_wconf 85' lang='lat' dir='ltr'><strong>Qui</strong></span> <span class='ocrx_word' id='word_1_127' title='bbox 682 1846 771 1906; x_wconf 88' lang='lat' dir='ltr'><strong>etiam</strong></span> <span class='ocrx_word' id='word_1_128' title='bbox 794 1845 940 1907; x_wconf 86' lang='lat' dir='ltr'><strong>Leucatae</strong></span> <span class='ocrx_word' id='word_1_129' title='bbox 968 1865 994 1906; x_wconf 84' lang='lat' dir='ltr'><strong>v.</strong></span> <span class='ocrx_word' id='word_1_130' title='bbox 1022 1843 1087 1908; x_wconf 78' lang='lat'><strong>274</strong></span> <span class='ocrx_word' id='word_1_131' title='bbox 1114 1865 1177 1926; x_wconf 86' lang='lat' dir='ltr'><strong>sqq.</strong></span> <span class='ocrx_word' id='word_1_132' title='bbox 1214 1847 1395 1907; x_wconf 84' lang='lat' dir='ltr'><strong>mentionem</strong></span> 
     </span>
    </p>
   </div>
   <div class='ocr_carea' id='block_1_3' title="bbox 142 1945 1396 2028">
    <p class='ocr_par' dir='ltr' id='par_1_4' title="bbox 142 1945 1396 2028">
     <span class='ocr_line' id='line_1_16' title="bbox 142 1945 1396 2028; baseline -0.002 -17"><span class='ocrx_word' id='word_1_133' title='bbox 142 1981 144 1984; x_wconf 95' lang='lat'>·</span> <span class='ocrx_word' id='word_1_134' title='bbox 249 1951 315 2010; x_wconf 91' lang='lat' dir='ltr'><strong>lieri</strong></span> <span class='ocrx_word' id='word_1_135' title='bbox 337 1953 439 2009; x_wconf 88' lang='lat' dir='ltr'><strong>monet</strong></span> <span class='ocrx_word' id='word_1_136' title='bbox 460 1955 584 2026; x_wconf 89' lang='lat' dir='ltr'><strong>propter</strong></span> <span class='ocrx_word' id='word_1_137' title='bbox 613 1945 754 2026; x_wconf 90' lang='lat' dir='ltr'><strong>templum</strong></span> <span class='ocrx_word' id='word_1_138' title='bbox 777 1949 896 2009; x_wconf 87' lang='lat' dir='ltr'><strong>Actiaco</strong></span> <span class='ocrx_word' id='word_1_139' title='bbox 917 1947 1047 2028; x_wconf 86' lang='lat' dir='ltr'><strong>Apollini</strong></span> <span class='ocrx_word' id='word_1_140' title='bbox 1075 1947 1113 2008; x_wconf 91' lang='lat' dir='ltr'><strong>ab</strong></span> <span class='ocrx_word' id='word_1_141' title='bbox 1136 1948 1296 2009; x_wconf 86' lang='lat' dir='ltr'><strong>Octaviano</strong></span> <span class='ocrx_word' id='word_1_142' title='bbox 1325 1967 1396 2008; x_wconf 92' lang='lat' dir='ltr'><strong>con-</strong></span> 
     </span>
    </p>
   </div>
   <div class='ocr_carea' id='block_1_4' title="bbox 248 2048 1400 3252">
    <p class='ocr_par' dir='ltr' id='par_1_5' title="bbox 248 2048 1400 3252">
     <span class='ocr_line' id='line_1_17' title="bbox 251 2048 1396 2128; baseline 0 -16"><span class='ocrx_word' id='word_1_143' title='bbox 251 2053 387 2112; x_wconf 90' lang='lat' dir='ltr'><strong>stitutum</strong></span> <span class='ocrx_word' id='word_1_144' title='bbox 410 2057 441 2111; x_wconf 87' lang='lat' dir='ltr'><strong>et</strong></span> <span class='ocrx_word' id='word_1_145' title='bbox 461 2049 567 2110; x_wconf 93' lang='lat' dir='ltr'><strong>urbem</strong></span> <span class='ocrx_word' id='word_1_146' title='bbox 591 2048 746 2128; x_wconf 90' lang='lat' dir='ltr'><strong>Nicopolin</strong></span> <span class='ocrx_word' id='word_1_147' title='bbox 768 2048 805 2109; x_wconf 94' lang='lat' dir='ltr'><strong>ab</strong></span> <span class='ocrx_word' id='word_1_148' title='bbox 829 2049 934 2111; x_wconf 87' lang='lat' dir='ltr'><strong>eodem</strong></span> <span class='ocrx_word' id='word_1_149' title='bbox 964 2050 1114 2111; x_wconf 88' lang='lat' dir='ltr'><strong>conditam</strong></span> <span class='ocrx_word' id='word_1_150' title='bbox 1137 2049 1270 2128; x_wconf 89' lang='lat' dir='ltr'><strong>(Sueton.</strong></span> <span class='ocrx_word' id='word_1_151' title='bbox 1294 2051 1396 2112; x_wconf 83' lang='lat' dir='ltr'><strong>(lotar.</strong></span> 
     </span>
     <span class='ocr_line' id='line_1_18' title="bbox 252 2150 1398 2233; baseline -0.001 -19"><span class='ocrx_word' id='word_1_152' title='bbox 252 2150 312 2233; x_wconf 87' lang='lat'><strong>18).</strong></span> <span class='ocrx_word' id='word_1_153' title='bbox 352 2154 388 2214; x_wconf 89' lang='lat' dir='ltr'><strong>Et</strong></span> <span class='ocrx_word' id='word_1_154' title='bbox 410 2152 650 2229; x_wconf 90' lang='lat' dir='ltr'><strong>antiquissimum</strong></span> <span class='ocrx_word' id='word_1_155' title='bbox 674 2153 807 2212; x_wconf 93' lang='lat' dir='ltr'><strong>omnium</strong></span> <span class='ocrx_word' id='word_1_156' title='bbox 830 2171 897 2213; x_wconf 92' lang='lat' dir='ltr'><strong>cum</strong></span> <span class='ocrx_word' id='word_1_157' title='bbox 922 2158 1027 2230; x_wconf 88' lang='lat' dir='ltr'><strong>quarto</strong></span> <span class='ocrx_word' id='word_1_158' title='bbox 1051 2153 1173 2212; x_wconf 85' lang='lat' dir='ltr'><strong>tertium</strong></span> <span class='ocrx_word' id='word_1_159' title='bbox 1198 2151 1306 2213; x_wconf 89' lang='lat' dir='ltr'><strong>librum</strong></span> <span class='ocrx_word' id='word_1_160' title='bbox 1330 2171 1398 2213; x_wconf 86' lang='lat' dir='ltr'><strong>esse</strong></span> 
     </span>
     <span class='ocr_line' id='line_1_19' title="bbox 249 2251 1398 2336; baseline 0 -20"><span class='ocrx_word' id='word_1_161' title='bbox 249 2254 407 2336; x_wconf 88' lang='lat' dir='ltr'><strong>probatum</strong></span> <span class='ocrx_word' id='word_1_162' title='bbox 436 2255 488 2314; x_wconf 85' lang='lat' dir='ltr'><strong>ivit</strong></span> <span class='ocrx_word' id='word_1_163' title='bbox 511 2253 645 2315; x_wconf 86' lang='lat' dir='ltr'><strong>Conrads</strong></span> <span class='ocrx_word' id='word_1_164' title='bbox 668 2273 697 2334; x_wconf 94' lang='lat' dir='ltr'><strong>p.</strong></span> <span class='ocrx_word' id='word_1_165' title='bbox 721 2251 800 2314; x_wconf 85' lang='lat' dir='ltr'><strong>llllll</strong></span> <span class='ocrx_word' id='word_1_166' title='bbox 823 2262 853 2314; x_wconf 92' lang='lat' dir='ltr'><strong>et</strong></span> <span class='ocrx_word' id='word_1_167' title='bbox 874 2254 932 2315; x_wconf 82' lang='lat' dir='ltr'><strong>llll.</strong></span> <span class='ocrx_word' id='word_1_168' title='bbox 969 2255 1151 2335; x_wconf 85' lang='lat' dir='ltr'><strong>Quamquam</strong></span> <span class='ocrx_word' id='word_1_169' title='bbox 1175 2256 1202 2314; x_wconf 88' lang='lat' dir='ltr'><strong>ei</strong></span> <span class='ocrx_word' id='word_1_170' title='bbox 1224 2255 1270 2315; x_wconf 91' lang='lat' dir='ltr'><strong>rei</strong></span> <span class='ocrx_word' id='word_1_171' title='bbox 1298 2256 1398 2316; x_wconf 90' lang='lat' dir='ltr'><strong>minus</strong></span> 
     </span>
     <span class='ocr_line' id='line_1_20' title="bbox 248 2354 1398 2436; baseline 0 -18"><span class='ocrx_word' id='word_1_172' title='bbox 248 2357 421 2425; x_wconf 91' lang='lat' dir='ltr'><strong>tribuerim,</strong></span> <span class='ocrx_word' id='word_1_173' title='bbox 453 2355 531 2433; x_wconf 92' lang='lat' dir='ltr'><strong>quod</strong></span> <span class='ocrx_word' id='word_1_174' title='bbox 561 2357 591 2416; x_wconf 91' lang='lat' dir='ltr'><strong>in</strong></span> <span class='ocrx_word' id='word_1_175' title='bbox 620 2355 676 2416; x_wconf 91' lang='lat' dir='ltr'><strong>hoc</strong></span> <span class='ocrx_word' id='word_1_176' title='bbox 705 2354 797 2417; x_wconf 86' lang='lat' dir='ltr'><strong>semel</strong></span> <span class='ocrx_word' id='word_1_177' title='bbox 820 2358 933 2417; x_wconf 87' lang='lat' dir='ltr'><strong>Aeneas</strong></span> <span class='ocrx_word' id='word_1_178' title='bbox 960 2355 1110 2418; x_wconf 76' lang='lat' dir='ltr'><strong>‘delectos</strong></span> <span class='ocrx_word' id='word_1_179' title='bbox 1138 2355 1240 2436; x_wconf 90' lang='lat' dir='ltr'><strong>populi</strong></span> <span class='ocrx_word' id='word_1_180' title='bbox 1268 2355 1305 2417; x_wconf 88' lang='lat' dir='ltr'><strong>ad</strong></span> <span class='ocrx_word' id='word_1_181' title='bbox 1327 2374 1398 2435; x_wconf 92' lang='lat' dir='ltr'><strong>pro·</strong></span> 
     </span>
     <span class='ocr_line' id='line_1_21' title="bbox 253 2441 1397 2536; baseline -0.001 -16"><span class='ocrx_word' id='word_1_182' title='bbox 253 2462 355 2521; x_wconf 84' lang='lat' dir='ltr'><strong>ceres’</strong></span> <span class='ocrx_word' id='word_1_183' title='bbox 380 2453 440 2536; x_wconf 78' lang='lat'>(58)</span> <span class='ocrx_word' id='word_1_184' title='bbox 465 2476 528 2518; x_wconf 90' lang='lat' dir='ltr'><strong>rem</strong></span> <span class='ocrx_word' id='word_1_185' title='bbox 550 2441 645 2519; x_wconf 84' lang='lat' dir='ltr'><strong>reiert</strong></span> <span class='ocrx_word' id='word_1_186' title='bbox 669 2465 698 2518; x_wconf 90' lang='lat' dir='ltr'><strong>et</strong></span> <span class='ocrx_word' id='word_1_187' title='bbox 718 2459 749 2519; x_wconf 92' lang='lat' dir='ltr'><strong>in</strong></span> <span class='ocrx_word' id='word_1_188' title='bbox 773 2459 916 2518; x_wconf 87' lang='lat' dir='ltr'><strong>concione</strong></span> <span class='ocrx_word' id='word_1_189' title='bbox 939 2458 1083 2520; x_wconf 89' lang='lat' dir='ltr'><strong>Anchises</strong></span> <span class='ocrx_word' id='word_1_190' title='bbox 1106 2455 1189 2534; x_wconf 78' lang='lat'>(103)</span> <span class='ocrx_word' id='word_1_191' title='bbox 1213 2456 1348 2528; x_wconf 63' lang='lat' dir='ltr'><strong>‘audite</strong></span> <span class='ocrx_word' id='word_1_192' title='bbox 1380 2477 1397 2519; x_wconf 98' lang='lat' dir='ltr'><strong>o</strong></span> 
     </span>
     <span class='ocr_line' id='line_1_22' title="bbox 249 2559 1397 2641; baseline -0.002 -18"><span class='ocrx_word' id='word_1_193' title='bbox 249 2561 410 2641; x_wconf 89' lang='lat' dir='ltr'><strong>proceres&#39;</strong></span> <span class='ocrx_word' id='word_1_194' title='bbox 434 2560 483 2629; x_wconf 88' lang='lat' dir='ltr'><strong>ait,</strong></span> <span class='ocrx_word' id='word_1_195' title='bbox 508 2577 575 2621; x_wconf 89' lang='lat' dir='ltr'><strong>cum</strong></span> <span class='ocrx_word' id='word_1_196' title='bbox 599 2559 669 2621; x_wconf 86' lang='lat' dir='ltr'><strong>alibi</strong></span> <span class='ocrx_word' id='word_1_197' title='bbox 692 2561 797 2638; x_wconf 78' lang='lat' dir='ltr'><strong>‘regis</strong></span> <span class='ocrx_word' id='word_1_198' title='bbox 822 2561 873 2637; x_wconf 91' lang='lat' dir='ltr'><strong>qui</strong></span> <span class='ocrx_word' id='word_1_199' title='bbox 896 2579 949 2622; x_wconf 89' lang='lat' dir='ltr'><strong>suo</strong></span> <span class='ocrx_word' id='word_1_200' title='bbox 972 2561 1096 2622; x_wconf 90' lang='lat' dir='ltr'><strong>arbitrio</strong></span> <span class='ocrx_word' id='word_1_201' title='bbox 1119 2561 1220 2620; x_wconf 85' lang='lat' dir='ltr'><strong>omnia</strong></span> <span class='ocrx_word' id='word_1_202' title='bbox 1234 2561 1397 2630; x_wconf 89' lang='lat' dir='ltr'><strong>constituit,</strong></span> 
     </span>
     <span class='ocr_line' id='line_1_23' title="bbox 249 2661 1398 2744; baseline -0.002 -19"><span class='ocrx_word' id='word_1_203' title='bbox 249 2664 399 2744; x_wconf 88' lang='lat' dir='ltr'><strong>speeiem’</strong></span> <span class='ocrx_word' id='word_1_204' title='bbox 422 2680 496 2742; x_wconf 88' lang='lat' dir='ltr'><strong>prae</strong></span> <span class='ocrx_word' id='word_1_205' title='bbox 519 2681 551 2723; x_wconf 91' lang='lat' dir='ltr'><strong>se</strong></span> <span class='ocrx_word' id='word_1_206' title='bbox 574 2663 659 2724; x_wconf 86' lang='lat' dir='ltr'><strong>ierat.</strong></span> <span class='ocrx_word' id='word_1_207' title='bbox 697 2662 771 2724; x_wconf 88' lang='lat' dir='ltr'><strong>Nam</strong></span> <span class='ocrx_word' id='word_1_208' title='bbox 795 2680 898 2741; x_wconf 82' lang='lat' dir='ltr'><strong>regem</strong></span> <span class='ocrx_word' id='word_1_209' title='bbox 921 2661 1050 2743; x_wconf 85' lang='lat' dir='ltr'><strong>appellat</strong></span> <span class='ocrx_word' id='word_1_210' title='bbox 1072 2661 1202 2724; x_wconf 91' lang='lat' dir='ltr'><strong>llioneus</strong></span> <span class='ocrx_word' id='word_1_211' title='bbox 1225 2679 1326 2723; x_wconf 89' lang='lat' dir='ltr'><strong>coram</strong></span> <span class='ocrx_word' id='word_1_212' title='bbox 1349 2663 1398 2723; x_wconf 85' lang='lat' dir='ltr'><strong>bt·</strong></span> 
     </span>
     <span class='ocr_line' id='line_1_24' title="bbox 249 2759 1398 2842; baseline 0 -16"><span class='ocrx_word' id='word_1_213' title='bbox 249 2766 327 2826; x_wconf 89' lang='lat' dir='ltr'><strong>done</strong></span> <span class='ocrx_word' id='word_1_214' title='bbox 351 2765 364 2824; x_wconf 99' lang='lat' dir='ltr'><strong>l</strong></span> <span class='ocrx_word' id='word_1_215' title='bbox 385 2759 450 2826; x_wconf 77' lang='lat'><strong>544</strong></span> <span class='ocrx_word' id='word_1_216' title='bbox 471 2771 501 2824; x_wconf 86' lang='lat' dir='ltr'><strong>et</strong></span> <span class='ocrx_word' id='word_1_217' title='bbox 523 2783 622 2825; x_wconf 88' lang='lat' dir='ltr'><strong>coram</strong></span> <span class='ocrx_word' id='word_1_218' title='bbox 646 2765 750 2825; x_wconf 87' lang='lat' dir='ltr'><strong>Latino</strong></span> <span class='ocrx_word' id='word_1_219' title='bbox 775 2763 824 2825; x_wconf 90' lang='lat' dir='ltr'><strong>Vll</strong></span> <span class='ocrx_word' id='word_1_220' title='bbox 845 2761 927 2832; x_wconf 80' lang='lat'><strong>220,</strong></span> <span class='ocrx_word' id='word_1_221' title='bbox 950 2766 1022 2826; x_wconf 87' lang='lat' dir='ltr'><strong>item</strong></span> <span class='ocrx_word' id='word_1_222' title='bbox 1045 2762 1175 2825; x_wconf 89' lang='lat' dir='ltr'><strong>Venulus</strong></span> <span class='ocrx_word' id='word_1_223' title='bbox 1197 2762 1312 2842; x_wconf 83' lang='lat' dir='ltr'><strong>legatus</strong></span> <span class='ocrx_word' id='word_1_224' title='bbox 1333 2763 1398 2826; x_wconf 89' lang='lat' dir='ltr'><strong>Vlll</strong></span> 
     </span>
     <span class='ocr_line' id='line_1_25' title="bbox 253 2862 1399 2946; baseline -0.002 -17"><span class='ocrx_word' id='word_1_225' title='bbox 253 2865 292 2929; x_wconf 79' lang='lat'><strong>12</strong></span> <span class='ocrx_word' id='word_1_226' title='bbox 315 2874 345 2928; x_wconf 88' lang='lat' dir='ltr'><strong>et</strong></span> <span class='ocrx_word' id='word_1_227' title='bbox 367 2873 453 2946; x_wconf 91' lang='lat' dir='ltr'><strong>poeta</strong></span> <span class='ocrx_word' id='word_1_228' title='bbox 476 2864 515 2926; x_wconf 92' lang='lat' dir='ltr'><strong>lll</strong></span> <span class='ocrx_word' id='word_1_229' title='bbox 537 2862 609 2927; x_wconf 77' lang='lat'><strong>223.</strong></span> <span class='ocrx_word' id='word_1_230' title='bbox 665 2863 722 2928; x_wconf 89' lang='lat' dir='ltr'><strong>Sed</strong></span> <span class='ocrx_word' id='word_1_231' title='bbox 747 2873 980 2928; x_wconf 88' lang='lat' dir='ltr'><strong>consentaneum</strong></span> <span class='ocrx_word' id='word_1_232' title='bbox 1005 2874 1070 2927; x_wconf 87' lang='lat' dir='ltr'><strong>erat</strong></span> <span class='ocrx_word' id='word_1_233' title='bbox 1102 2885 1239 2928; x_wconf 90' lang='lat' dir='ltr'><strong>errorum</strong></span> <span class='ocrx_word' id='word_1_234' title='bbox 1262 2867 1347 2926; x_wconf 92' lang='lat' dir='ltr'><strong>initio</strong></span> <span class='ocrx_word' id='word_1_235' title='bbox 1370 2875 1399 2927; x_wconf 92' lang='lat' dir='ltr'><strong>et</strong></span> 
     </span>
     <span class='ocr_line' id='line_1_26' title="bbox 251 2967 1397 3048; baseline -0.001 -19"><span class='ocrx_word' id='word_1_236' title='bbox 251 2971 316 3030; x_wconf 82' lang='lat' dir='ltr'><strong>vivo</strong></span> <span class='ocrx_word' id='word_1_237' title='bbox 347 2969 435 3029; x_wconf 89' lang='lat' dir='ltr'><strong>etiam</strong></span> <span class='ocrx_word' id='word_1_238' title='bbox 466 2975 550 3047; x_wconf 89' lang='lat' dir='ltr'><strong>patre</strong></span> <span class='ocrx_word' id='word_1_239' title='bbox 582 2987 633 3029; x_wconf 86' lang='lat' dir='ltr'><strong>sua</strong></span> <span class='ocrx_word' id='word_1_240' title='bbox 661 2969 760 3048; x_wconf 88' lang='lat' dir='ltr'><strong>ipsum</strong></span> <span class='ocrx_word' id='word_1_241' title='bbox 788 2970 963 3032; x_wconf 86' lang='lat' dir='ltr'><strong>auctoritate</strong></span> <span class='ocrx_word' id='word_1_242' title='bbox 991 2967 1081 3047; x_wconf 91' lang='lat' dir='ltr'><strong>paulo</strong></span> <span class='ocrx_word' id='word_1_243' title='bbox 1109 2971 1208 3029; x_wconf 91' lang='lat' dir='ltr'><strong>minus</strong></span> <span class='ocrx_word' id='word_1_244' title='bbox 1237 2967 1397 3036; x_wconf 87' lang='lat' dir='ltr'><strong>confidere,</strong></span> 
     </span>
     <span class='ocr_line' id='line_1_27' title="bbox 251 3068 1397 3149; baseline -0.003 -15"><span class='ocrx_word' id='word_1_245' title='bbox 251 3079 369 3134; x_wconf 90' lang='lat' dir='ltr'><strong>mortuo</strong></span> <span class='ocrx_word' id='word_1_246' title='bbox 391 3069 442 3130; x_wconf 92' lang='lat' dir='ltr'><strong>illo</strong></span> <span class='ocrx_word' id='word_1_247' title='bbox 465 3070 542 3131; x_wconf 89' lang='lat' dir='ltr'><strong>inter</strong></span> <span class='ocrx_word' id='word_1_248' title='bbox 572 3071 690 3149; x_wconf 81' lang='lat' dir='ltr'><strong>ignotos</strong></span> <span class='ocrx_word' id='word_1_249' title='bbox 719 3077 749 3131; x_wconf 87' lang='lat' dir='ltr'><strong>et</strong></span> <span class='ocrx_word' id='word_1_250' title='bbox 775 3070 893 3140; x_wconf 89' lang='lat' dir='ltr'><strong>hostes,</strong></span> <span class='ocrx_word' id='word_1_251' title='bbox 927 3073 1054 3132; x_wconf 83' lang='lat' dir='ltr'><strong>maxime</strong></span> <span class='ocrx_word' id='word_1_252' title='bbox 1086 3071 1117 3131; x_wconf 90' lang='lat' dir='ltr'><strong>in</strong></span> <span class='ocrx_word' id='word_1_253' title='bbox 1144 3068 1223 3130; x_wconf 90' lang='lat' dir='ltr'><strong>bello</strong></span> <span class='ocrx_word' id='word_1_254' title='bbox 1251 3087 1397 3131; x_wconf 89' lang='lat' dir='ltr'><strong>summam</strong></span> 
     </span>
     <span class='ocr_line' id='line_1_28' title="bbox 254 3170 1400 3252; baseline -0.001 -19"><span class='ocrx_word' id='word_1_255' title='bbox 254 3172 350 3234; x_wconf 87' lang='lat' dir='ltr'><strong>eidem</strong></span> <span class='ocrx_word' id='word_1_256' title='bbox 373 3178 551 3252; x_wconf 86' lang='lat' dir='ltr'><strong>potestatem</strong></span> <span class='ocrx_word' id='word_1_257' title='bbox 574 3191 591 3232; x_wconf 93' lang='lat' dir='ltr'><strong>a</strong></span> <span class='ocrx_word' id='word_1_258' title='bbox 613 3173 702 3233; x_wconf 89' lang='lat' dir='ltr'><strong>sociis</strong></span> <span class='ocrx_word' id='word_1_259' title='bbox 725 3172 852 3234; x_wconf 89' lang='lat' dir='ltr'><strong>delatam</strong></span> <span class='ocrx_word' id='word_1_260' title='bbox 876 3191 952 3235; x_wconf 91' lang='lat' dir='ltr'><strong>esse.</strong></span> <span class='ocrx_word' id='word_1_261' title='bbox 997 3170 1088 3234; x_wconf 84' lang='lat' dir='ltr'><strong>blulio</strong></span> <span class='ocrx_word' id='word_1_262' title='bbox 1110 3173 1229 3251; x_wconf 81' lang='lat' dir='ltr'><strong>gravius</strong></span> <span class='ocrx_word' id='word_1_263' title='bbox 1252 3170 1330 3233; x_wconf 83' lang='lat' dir='ltr'><strong>aliud</strong></span> <span class='ocrx_word' id='word_1_264' title='bbox 1355 3181 1400 3232; x_wconf 88' lang='lat' dir='ltr'><strong>cst</strong></span> 
     </span>
    </p>
   </div>
   <div class='ocr_carea' id='block_1_5' title="bbox 252 3273 1506 3354">
    <p class='ocr_par' dir='ltr' id='par_1_6' title="bbox 252 3273 1506 3354">
     <span class='ocr_line' id='line_1_29' title="bbox 252 3273 1506 3354; baseline -0.002 -18"><span class='ocrx_word' id='word_1_265' title='bbox 252 3282 472 3353; x_wconf 86' lang='lat' dir='ltr'><strong>argumentum,</strong></span> <span class='ocrx_word' id='word_1_266' title='bbox 503 3273 581 3351; x_wconf 91' lang='lat' dir='ltr'><strong>quod</strong></span> <span class='ocrx_word' id='word_1_267' title='bbox 604 3273 641 3334; x_wconf 92' lang='lat' dir='ltr'><strong>ad</strong></span> <span class='ocrx_word' id='word_1_268' title='bbox 664 3281 831 3354; x_wconf 86' lang='lat' dir='ltr'><strong>temporum</strong></span> <span class='ocrx_word' id='word_1_269' title='bbox 854 3275 1080 3354; x_wconf 82' lang='lat' dir='ltr'><strong>dispositionem</strong></span> <span class='ocrx_word' id='word_1_270' title='bbox 1101 3275 1248 3353; x_wconf 88' lang='lat' dir='ltr'><strong>pertinet:</strong></span> <span class='ocrx_word' id='word_1_271' title='bbox 1279 3273 1316 3333; x_wconf 94' lang='lat' dir='ltr'><strong>de</strong></span> <span class='ocrx_word' id='word_1_272' title='bbox 1339 3291 1399 3352; x_wconf 92' lang='lat' dir='ltr'><strong>quo</strong></span> <span class='ocrx_word' id='word_1_273' title='bbox 1503 3285 1506 3288; x_wconf 84' lang='grc'><em>“</em></span> 
     </span>
    </p>
   </div>
   <div class='ocr_carea' id='block_1_6' title="bbox 251 3374 1401 4070">
    <p class='ocr_par' dir='ltr' id='par_1_7' title="bbox 251 3374 1401 4070">
     <span class='ocr_line' id='line_1_30' title="bbox 253 3374 1305 3458; baseline 0 -22"><span class='ocrx_word' id='word_1_274' title='bbox 253 3375 339 3458; x_wconf 73' lang='lat' dir='ltr'><strong>praulo</strong></span> <span class='ocrx_word' id='word_1_275' title='bbox 361 3382 431 3456; x_wconf 89' lang='lat' dir='ltr'><strong>post</strong></span> <span class='ocrx_word' id='word_1_276' title='bbox 454 3374 597 3444; x_wconf 90' lang='lat' dir='ltr'><strong>dicemus,</strong></span> <span class='ocrx_word' id='word_1_277' title='bbox 623 3375 674 3438; x_wconf 92' lang='lat' dir='ltr'><strong>ubi</strong></span> <span class='ocrx_word' id='word_1_278' title='bbox 697 3378 792 3456; x_wconf 86' lang='lat' dir='ltr'><strong>quinti</strong></span> <span class='ocrx_word' id='word_1_279' title='bbox 814 3376 882 3438; x_wconf 90' lang='lat' dir='ltr'><strong>libri</strong></span> <span class='ocrx_word' id='word_1_280' title='bbox 906 3379 1037 3438; x_wconf 85' lang='lat' dir='ltr'><strong>rationes</strong></span> <span class='ocrx_word' id='word_1_281' title='bbox 1060 3374 1305 3438; x_wconf 85' lang='lat' dir='ltr'><strong>examinabimus.</strong></span> 
     </span>
     <span class='ocr_line' id='line_1_31' title="bbox 337 3477 1399 3566; baseline -0.001 -25"><span class='ocrx_word' id='word_1_282' title='bbox 337 3479 448 3541; x_wconf 85' lang='lat' dir='ltr'><strong>beesse</strong></span> <span class='ocrx_word' id='word_1_283' title='bbox 472 3495 642 3557; x_wconf 86' lang='lat' dir='ltr'><strong>supremam</strong></span> <span class='ocrx_word' id='word_1_284' title='bbox 666 3498 786 3542; x_wconf 89' lang='lat' dir='ltr'><strong>manum</strong></span> <span class='ocrx_word' id='word_1_285' title='bbox 809 3481 902 3566; x_wconf 72' lang='lat' dir='ltr'><strong>tertio</strong></span> <span class='ocrx_word' id='word_1_286' title='bbox 920 3478 1051 3540; x_wconf 88' lang='lat' dir='ltr'><strong>indicant</strong></span> <span class='ocrx_word' id='word_1_287' title='bbox 1067 3480 1195 3559; x_wconf 92' lang='lat' dir='ltr'><strong>primum</strong></span> <span class='ocrx_word' id='word_1_288' title='bbox 1211 3477 1399 3540; x_wconf 86' lang='lat' dir='ltr'><strong>hemistichia</strong></span> 
     </span>
     <span class='ocr_line' id='line_1_32' title="bbox 251 3577 1400 3650; baseline 0 -8"><span class='ocrx_word' id='word_1_289' title='bbox 251 3579 325 3642; x_wconf 70' lang='lat'><strong>218.</strong></span> <span class='ocrx_word' id='word_1_290' title='bbox 350 3577 421 3642; x_wconf 85' lang='lat'><strong>316.</strong></span> <span class='ocrx_word' id='word_1_291' title='bbox 444 3577 516 3642; x_wconf 84' lang='lat'><strong>340.</strong></span> <span class='ocrx_word' id='word_1_292' title='bbox 540 3577 612 3642; x_wconf 77' lang='lat'><strong>470.</strong></span> <span class='ocrx_word' id='word_1_293' title='bbox 636 3577 709 3643; x_wconf 77' lang='lat'><strong>527.</strong></span> <span class='ocrx_word' id='word_1_294' title='bbox 732 3578 804 3643; x_wconf 84' lang='lat'><strong>640.</strong></span> <span class='ocrx_word' id='word_1_295' title='bbox 827 3578 899 3650; x_wconf 85' lang='lat'><strong>661,</strong></span> <span class='ocrx_word' id='word_1_296' title='bbox 923 3599 1015 3642; x_wconf 92' lang='lat' dir='ltr'><strong>unum</strong></span> <span class='ocrx_word' id='word_1_297' title='bbox 1038 3580 1112 3642; x_wconf 90' lang='lat' dir='ltr'><strong>adeo</strong></span> <span class='ocrx_word' id='word_1_298' title='bbox 1127 3577 1190 3642; x_wconf 87' lang='grc'><strong>340</strong></span> <span class='ocrx_word' id='word_1_299' title='bbox 1212 3598 1316 3641; x_wconf 90' lang='lat' dir='ltr'><strong>manca</strong></span> <span class='ocrx_word' id='word_1_300' title='bbox 1331 3599 1400 3642; x_wconf 89' lang='lat' dir='ltr'><strong>sen·</strong></span> 
     </span>
     <span class='ocr_line' id='line_1_33' title="bbox 253 3681 1401 3762; baseline -0.002 -17"><span class='ocrx_word' id='word_1_301' title='bbox 253 3685 358 3753; x_wconf 90' lang='lat' dir='ltr'><strong>tentia,</strong></span> <span class='ocrx_word' id='word_1_302' title='bbox 393 3681 444 3743; x_wconf 91' lang='lat' dir='ltr'><strong>ubi</strong></span> <span class='ocrx_word' id='word_1_303' title='bbox 465 3682 672 3745; x_wconf 88' lang='lat' dir='ltr'><strong>Andromache</strong></span> <span class='ocrx_word' id='word_1_304' title='bbox 701 3702 737 3743; x_wconf 86' lang='lat' dir='ltr'><strong>ex</strong></span> <span class='ocrx_word' id='word_1_305' title='bbox 760 3685 859 3744; x_wconf 89' lang='lat' dir='ltr'><strong>Aenea</strong></span> <span class='ocrx_word' id='word_1_306' title='bbox 886 3685 1003 3761; x_wconf 85' lang='lat' dir='ltr'><strong>quaerit</strong></span> <span class='ocrx_word' id='word_1_307' title='bbox 1030 3699 1105 3762; x_wconf 74' lang='lat' dir='ltr'><strong>quae</strong></span> <span class='ocrx_word' id='word_1_308' title='bbox 1133 3683 1313 3743; x_wconf 84' lang='lat' dir='ltr'><strong>conveniens</strong></span> <span class='ocrx_word' id='word_1_309' title='bbox 1337 3693 1401 3744; x_wconf 91' lang='lat' dir='ltr'><strong>erat</strong></span> 
     </span>
     <span class='ocr_line' id='line_1_34' title="bbox 252 3785 1400 3865; baseline 0 -19"><span class='ocrx_word' id='word_1_310' title='bbox 252 3786 389 3846; x_wconf 89' lang='lat' dir='ltr'><strong>Hectoris</strong></span> <span class='ocrx_word' id='word_1_311' title='bbox 402 3786 558 3864; x_wconf 83' lang='lat' dir='ltr'><strong>coniugem</strong></span> <span class='ocrx_word' id='word_1_312' title='bbox 577 3803 613 3845; x_wconf 88' lang='lat' dir='ltr'><strong>ex</strong></span> <span class='ocrx_word' id='word_1_313' title='bbox 628 3785 691 3845; x_wconf 83' lang='lat' dir='ltr'><strong>viro</strong></span> <span class='ocrx_word' id='word_1_314' title='bbox 703 3785 883 3846; x_wconf 90' lang='lat' dir='ltr'><strong>amicissimo</strong></span> <span class='ocrx_word' id='word_1_315' title='bbox 894 3793 924 3846; x_wconf 88' lang='lat' dir='ltr'><strong>et</strong></span> <span class='ocrx_word' id='word_1_316' title='bbox 933 3787 999 3865; x_wconf 93' lang='lat' dir='ltr'><strong>ipso</strong></span> <span class='ocrx_word' id='word_1_317' title='bbox 1012 3785 1178 3845; x_wconf 91' lang='lat' dir='ltr'><strong>communis</strong></span> <span class='ocrx_word' id='word_1_318' title='bbox 1189 3787 1302 3864; x_wconf 91' lang='lat' dir='ltr'><strong>patriae</strong></span> <span class='ocrx_word' id='word_1_319' title='bbox 1314 3785 1400 3846; x_wconf 92' lang='lat' dir='ltr'><strong>ruina</strong></span> 
     </span>
     <span class='ocr_line' id='line_1_35' title="bbox 254 3886 1400 3968; baseline 0 -21"><span class='ocrx_word' id='word_1_320' title='bbox 254 3890 284 3949; x_wconf 93' lang='lat' dir='ltr'><strong>in</strong></span> <span class='ocrx_word' id='word_1_321' title='bbox 306 3889 482 3968; x_wconf 81' lang='lat' dir='ltr'><strong>peregrinas</strong></span> <span class='ocrx_word' id='word_1_322' title='bbox 505 3897 599 3949; x_wconf 87' lang='lat' dir='ltr'><strong>terras</strong></span> <span class='ocrx_word' id='word_1_323' title='bbox 615 3886 712 3948; x_wconf 88' lang='lat' dir='ltr'><strong>delato</strong></span> <span class='ocrx_word' id='word_1_324' title='bbox 728 3905 883 3968; x_wconf 90' lang='lat' dir='ltr'><strong>quaerere.</strong></span> <span class='ocrx_word' id='word_1_325' title='bbox 914 3887 1079 3964; x_wconf 85' lang='lat' dir='ltr'><strong>interrogat</strong></span> <span class='ocrx_word' id='word_1_326' title='bbox 1095 3888 1174 3947; x_wconf 90' lang='lat' dir='ltr'><strong>enim</strong></span> <span class='ocrx_word' id='word_1_327' title='bbox 1189 3888 1318 3966; x_wconf 88' lang='lat' dir='ltr'><strong>primum</strong></span> <span class='ocrx_word' id='word_1_328' title='bbox 1337 3889 1400 3965; x_wconf 92' lang='lat' dir='ltr'><strong>qui·</strong></span> 
     </span>
     <span class='ocr_line' id='line_1_36' title="bbox 253 3987 1399 4070; baseline -0.003 -18"><span class='ocrx_word' id='word_1_329' title='bbox 253 3990 310 4052; x_wconf 90' lang='lat' dir='ltr'><strong>bus</strong></span> <span class='ocrx_word' id='word_1_330' title='bbox 323 3993 420 4052; x_wconf 87' lang='lat' dir='ltr'><strong>causis</strong></span> <span class='ocrx_word' id='word_1_331' title='bbox 432 3989 469 4051; x_wconf 90' lang='lat' dir='ltr'><strong>ad</strong></span> <span class='ocrx_word' id='word_1_332' title='bbox 483 3989 535 4051; x_wconf 88' lang='lat' dir='ltr'><strong>has</strong></span> <span class='ocrx_word' id='word_1_333' title='bbox 547 4008 616 4051; x_wconf 88' lang='lat' dir='ltr'><strong>oras</strong></span> <span class='ocrx_word' id='word_1_334' title='bbox 627 3989 777 4070; x_wconf 89' lang='lat' dir='ltr'><strong>adpulsus,</strong></span> <span class='ocrx_word' id='word_1_335' title='bbox 788 3987 896 4050; x_wconf 88' lang='lat' dir='ltr'><strong>deinde</strong></span> <span class='ocrx_word' id='word_1_336' title='bbox 909 3989 1134 4069; x_wconf 89' lang='lat' dir='ltr'><strong>pueroAscanio</strong></span> <span class='ocrx_word' id='word_1_337' title='bbox 1147 3988 1335 4067; x_wconf 88' lang='lat' dir='ltr'><strong>quidlactum</strong></span> <span class='ocrx_word' id='word_1_338' title='bbox 1344 3991 1399 4050; x_wconf 89' lang='lat' dir='ltr'><strong>sit:</strong></span> 
     </span>
    </p>
   </div>
   <div class='ocr_carea' id='block_1_7' title="bbox 255 4113 1089 4291">
    <p class='ocr_par' dir='ltr' id='par_1_8' title="bbox 255 4113 1089 4291">
     <span class='ocr_line' id='line_1_37' title="bbox 366 4113 884 4189; baseline -0.004 -19"><span class='ocrx_word' id='word_1_339' title='bbox 366 4114 430 4189; x_wconf 92' lang='lat' dir='ltr'><strong>quid</strong></span> <span class='ocrx_word' id='word_1_340' title='bbox 454 4131 522 4189; x_wconf 89' lang='lat' dir='ltr'><strong>puer</strong></span> <span class='ocrx_word' id='word_1_341' title='bbox 544 4115 696 4170; x_wconf 81' lang='lat' dir='ltr'><strong>Ascanius?</strong></span> <span class='ocrx_word' id='word_1_342' title='bbox 719 4113 884 4187; x_wconf 82' lang='lat' dir='ltr'><strong>superatne?</strong></span> 
     </span>
     <span class='ocr_line' id='line_1_38' title="bbox 255 4209 1089 4291; baseline -0.005 -17"><span class='ocrx_word' id='word_1_343' title='bbox 255 4213 375 4291; x_wconf 87' lang='lat' dir='ltr'><strong>lamque</strong></span> <span class='ocrx_word' id='word_1_344' title='bbox 398 4215 539 4273; x_wconf 86' lang='lat' dir='ltr'><strong>continuo</strong></span> <span class='ocrx_word' id='word_1_345' title='bbox 562 4211 667 4272; x_wconf 87' lang='lat' dir='ltr'><strong>ordine</strong></span> <span class='ocrx_word' id='word_1_346' title='bbox 691 4212 720 4271; x_wconf 94' lang='lat' dir='ltr'><strong>in</strong></span> <span class='ocrx_word' id='word_1_347' title='bbox 743 4209 827 4272; x_wconf 93' lang='lat' dir='ltr'><strong>libris</strong></span> <span class='ocrx_word' id='word_1_348' title='bbox 843 4219 986 4272; x_wconf 86' lang='lat' dir='ltr'><strong>secuntur</strong></span> <span class='ocrx_word' id='word_1_349' title='bbox 1002 4210 1089 4271; x_wconf 91' lang='lat' dir='ltr'><strong>haec:</strong></span> 
     </span>
    </p>
   </div>
   <div class='ocr_carea' id='block_1_8' title="bbox 499 4319 980 4476">
    <p class='ocr_par' dir='ltr' id='par_1_9' title="bbox 499 4319 980 4476">
     <span class='ocr_line' id='line_1_39' title="bbox 713 4319 980 4383; baseline -0.004 -10"><span class='ocrx_word' id='word_1_350' title='bbox 713 4325 740 4373; x_wconf 88' lang='lat' dir='ltr'><strong>et</strong></span> <span class='ocrx_word' id='word_1_351' title='bbox 763 4319 880 4374; x_wconf 85' lang='lat' dir='ltr'><strong>vescitur</strong></span> <span class='ocrx_word' id='word_1_352' title='bbox 901 4333 980 4383; x_wconf 81' lang='lat' dir='ltr'><strong>aum,</strong></span> 
     </span>
     <span class='ocr_line' id='line_1_40' title="bbox 499 4401 891 4476; baseline 0 -18"><span class='ocrx_word' id='word_1_353' title='bbox 499 4401 891 4476; x_wconf 44' lang='lat' dir='ltr'><strong>fflfflmfflm.</strong></span> 
     </span>
    </p>
   </div>
   <div class='ocr_carea' id='block_1_9' title="bbox 0 0 1534 4912">
    <p class='ocr_par' dir='ltr' id='par_1_10' title="bbox 0 0 1534 4912">
     <span class='ocr_line' id='line_1_41' title="bbox 0 0 1534 4912; baseline 0 0"><span class='ocrx_word' id='word_1_354' title='bbox 0 0 1534 4912; x_wconf 95' lang='lat' dir='ltr'><strong> </strong></span> 
     </span>
    </p>
   </div>
  </div>
 </body>
</html>
