2970 4896
457 319 462 328 ¹
533 351 776 396 reoneuoueurl.
1163 327 1225 391 355

82 524 227 602 FMPybc
250 541 316 582 eum
340 520 443 580 Servio
466 527 496 580 et
518 520 727 596 grammaticis,
751 535 809 580 non
832 520 919 580 modo
942 518 979 585 lt,
1005 517 1151 578 sententia
1175 535 1226 575 au-

82 634 141 688 tem
166 626 284 702 llagitet,
309 622 386 702 quod
411 624 440 682 in
463 625 574 681 Veneto
597 619 699 682 codice
722 619 831 697 legitur
852 621 959 680 modo
981 636 1091 678 nune.
1138 619 1227 678 Ortae

82 735 179 788 autem
203 736 309 787 etnec
331 732 441 784 elnon
466 721 652 800 corruptelae
674 709 851 800 compendio
874 723 934 788 ric.
1008 723 1081 782 Aen.
1105 717 1142 779 Xl
1165 716 1228 779 418

82 829 275 889 memordit
296 834 329 886 ut
352 827 393 885 Pl
416 824 585 900 (momordit
609 821 794 905 MPtllpbc).

168 981 289 1040 Praeter
318 977 481 1038 Medieeum
511 975 642 1037 codicem
674 985 702 1036 et
732 994 819 1054 quem
849 977 998 1054 proximas
1029 975 1097 1035 huic
1126 984 1228 1035 tenere

84 1081 154 1141 dicit
177 1080 344 1140 Gudianum
367 1079 546 1139 Nicotaus
569 1064 747 1138 Heinsius
770 1079 823 1137 tria
848 1079 973 1137 maxime
996 1075 1176 1155 exemplaria
1200 1077 1228 1134 iu

88 1181 315 1259 antiquioribus,
341 1188 371 1239 ut
394 1183 441 1247 eit,
472 1178 606 1240 habenda
631 1181 782 1258 usurpavit
805 1198 879 1259 quae
903 1178 1048 1238 lebannes
1073 1161 1230 1238 Merrtelius

86 1284 218 1344 medicus
241 1283 391 1343 Parisinus
414 1281 670 1361 suppeditaverat,
700 1284 864 1348 bombis,
896 1283 949 1340 etsi
979 1282 1077 1340 rninus
1107 1287 1227 1346 vetuste,

84 1384 322 1444 commodaverat
355 1382 397 1442 illi
431 1383 602 1443 bernardus
638 1383 909 1459 Rottcndorplrius‚
946 1365 1229 1457 totidem'denique

86 1487 243 1547 leidensia
261 1485 307 1546 lo.
332 1485 511 1546 Fredericus
534 1484 709 1544 Gronovius.
760 1485 918 1546 Praeterea
942 1501 1013 1543 usus
1036 1491 1082 1543 est
1104 1481 1228 1548 dnobus,

85 1607 159 1668 quos
182 1587 218 1646 ab
241 1588 369 1661 depicto
393 1588 535 1662 Mennpio
569 1588 696 1664 aceepit,
728 1595 790 1646 tum
814 1584 995 1645 Baithasaris
1029 1585 1140 1644 Moreti
1160 1585 1229 1643 Ant·

86 1689 248 1766 verpiensis
277 1687 361 1748 libris
391 1695 530 1764 quattuor
558 1698 588 1747 et
621 1688 786 1765 fragmento
818 1687 942 1756 codicis,
979 1696 1007 1746 et
1031 1685 1234 1746 Montulbcnii

88 1790 283 1849 Bononiensis
307 1788 469 1868 exemplari
492 1808 569 1850 saec.
593 1787 659 1849 lllll
682 1790 802 1867 scripto.

171 1943 371 2002 Mentelionus
391 1945 507 2016 primus
529 1940 654 2001 Palatini
677 1948 706 2000 et
729 1939 854 2000 Gudiani
879 1941 983 2001 adlinis
1006 1927 1230 2018 essearguitur

86 2045 162 2104 bene
184 2045 303 2104 inverso
326 2043 444 2120 vulgato
466 2045 537 2104 Aen.
562 2038 661 2103 ΗΠ
678 2061 721 2120 sq.
746 2041 859 2101 ordine.
906 2042 979 2102 ltem
1001 2043 1073 2102 Aen.
1097 2040 1146 2101 Vll
1170 2039 1231 2102 763

87 2146 135 2206 ubi
159 2164 213 2223 pro
237 2148 401 2205 umentia
432 2145 515 2224 (MR)
550 2145 581 2203 in
610 2145 653 2203 Pe
681 2151 760 2202 extat
782 2141 968 2212 Hiberia,
1004 2145 1157 2222 proximus
1186 2143 1232 2204 bis

66 2248 231 2324 'scriptura
253 2248 372 2320 ymerio,
420 2246 558 2306 Fortasse
582 2246 668 2305 etiam
692 2243 731 2304 xt
754 2238 818 2304 598
840 2244 919 2323 quod
944 2244 1065 2306 Servius
1088 2244 1231 2322 quostiam

87 2346 185 2424 legere
208 2355 309 2408 narrat
330 2351 428 2408 etruri
447 2365 502 2426 pro
518 2349 670 2406 Etrusci
691 2346 743 2425 (sic
759 2347 963 2426 Meropem),
987 2354 1141 2425 receptum
1157 2345 1230 2408 illud

87 2450 116 2507 in
139 2447 316 2509 Menteliano
339 2451 452 2527 primo,
483 2449 655 2525 Menagiano
679 2446 771 2507 altero
795 2447 935 2525 aliisque,
968 2465 1056 2508 manu
1080 2450 1180 2526 priore
1203 2449 1233 2508 in

89 2551 130 2608 Plr
152 2567 270 2628 quoque
292 2551 403 2616 iuerat.
439 2549 488 2609 ubi
518 2567 598 2609 nune
624 2567 656 2610 sc
684 2549 799 2609 litterae
828 2552 858 2610 in
881 2548 969 2610 litura
992 2558 1071 2610 sunt.
1159 2551 1233 2610 Cum

88 2651 261 2727 Menagiano
285 2650 378 2710 altero
402 2659 431 2711 et
454 2651 612 2730 Sprotiono
642 2653 790 2712 consentit
819 2653 1007 2730 transpositis
1029 2650 1080 2711 llll
1104 2647 1166 2712 655
1186 2635 1233 2730 'sq

90 2750 213 2809 lleiendi
236 2770 324 2830 posse
347 2752 520 2828 melioribus
543 2751 695 2813 codicibus
717 2754 827 2830 FMPp
851 2761 880 2812 et
909 2753 944 2813 bc
972 2751 1128 2831 probatum
1152 2751 1232 2812 ordi-

89 2869 157 2911 nem
180 2871 240 2912 non
264 2855 373 2930 negavi,
398 2853 449 2913 sed
474 2855 701 2932 praeterendum
725 2873 791 2914 esse
813 2853 886 2914 mibi
909 2872 969 2914 non
994 2856 1141 2932 persuasit
1157 2853 1233 2914 Con·

87 2953 156 3012 rads
179 2955 208 3013 in
232 2961 359 3032 quaesti.
376 2954 494 3031 Vergili.
519 2975 546 3034 p.
564 2953 653 3016 XVlll
669 2955 734 3016 adn.
774 2955 840 3015 llleo
856 2956 933 3015 enim
957 2973 1048 3015 sensu
1070 2953 1234 3033 simplicior

89 3061 118 3112 et
140 3055 236 3133 aptior
259 3056 335 3115 ratio
359 3066 434 3126 eret,
466 3075 532 3116 oum
558 3066 709 3136 repeteret
737 3057 880 3117 memoria
904 3054 978 3115 Dido
1001 3075 1090 3134 quem
1113 3073 1232 3116 cursum

89 3155 238 3215 Fortunae
260 3158 433 3235 peregisset,
469 3160 611 3237 temporis
645 3177 763 3237 quoque
795 3176 914 3218 rursum
949 3175 1069 3218 servare
1102 3166 1132 3217 et
1161 3156 1233 3216 baec

88 3256 191 3322 ‘leiim
225 3257 281 3317 beu
306 3259 428 3318 nimium
451 3258 537 3327 ielis,
573 3261 598 3319 si
627 3258 712 3320 litora
740 3266 854 3319 tantum
884 3277 1045 3337 numquam
1068 3257 1233 3318 Dardaniae

89 3359 255 3434 tetigissent
278 3367 376 3419 nostre
400 3361 535 3420 carinae’
565 3360 648 3421 urbis
672 3362 770 3439 potius
792 3360 932 3420 lundatae
956 3358 1087 3420 exordiis
1109 3358 1234 3419 laetissi-

89 3459 146 3518 mis
170 3476 258 3536 quam
282 3461 360 3520 tristi
381 3460 503 3521 ultionis
533 3481 548 3520 a
578 3463 669 3522 iratre
698 3469 801 3540 ceptae
829 3459 1027 3521 recordationi
1055 3460 1233 3538 adiungere;

23 3633 31 3646 ,
89 3577 216 3638 cumque
239 3561 261 3620 V
284 3561 381 3622 littera
410 3571 537 3643 uterque
567 3583 669 3624 versus
698 3565 833 3642 incipiat,
865 3582 949 3623 error
978 3565 1008 3621 in
1037 3561 1234 3622 describendo

89 3661 184 3721 iacilis
220 3673 292 3723 erat.
388 3665 535 3743 Optimam
565 3683 652 3741 quam
681 3664 797 3725 Probus
830 3664 1046 3724 commendavit
1076 3664 1234 3724 lectionem

85 3763 215 3835 sloros
237 3766 309 3824 ben.
334 3763 385 3824 xli
408 3763 485 3833 608,
515 3765 665 3844 expulsam
688 3765 769 3825 illam
799 3767 830 3824 in
854 3767 1026 3843 memoro
1049 3766 1233 3825 ‘neoterica’

85 3869 193 3938 flavos,
218 3883 305 3943 quam
321 3875 404 3928 reete
420 3867 557 3928 Heinsius
578 3869 608 3928 in
624 3867 681 3926 boc
704 3873 733 3926 et
755 3869 785 3927 in
802 3866 939 3927 Leidensi
962 3865 1031 3926 olim
1055 3867 1147 3926 luisse
1163 3885 1233 3927 cou-

89 3965 192 4024 iecerit
215 3969 374 4029 nescimus.
421 3968 478 4028 Sed
502 3971 706 4029 alletoritatem
731 3967 840 4028 codicis
863 3969 948 4044 sequi
970 3967 1115 4027 debebam
1139 3985 1185 4044 ge.
1209 3966 1234 4026 ll

88 4062 108 4125 8
120 4065 235 4126 edendo
247 4070 418 4146 dereptis
430 4089 485 4148 pro
497 4073 623 4148 direptis
633 4069 774 4150 (Myndo),
789 4069 866 4146 quod
878 4087 958 4130 nune
970 4070 1099 4148 paenitet
1111 4069 1139 4127 in
1153 4077 1234 4129 testu

90 4168 263 4228 retinuisse:
299 4189 367 4231 nam
390 4171 468 4231 idem
492 4191 507 4231 a
531 4171 659 4233 librariis
683 4191 768 4233 error
791 4174 965 4232 commissus
988 4179 1034 4231 est
1055 4189 1100 4248 ge.
1125 4165 1235 4230 {1242

89 4272 160 4329 Aen.
185 4266 292 4340 1211,
316 4272 367 4332 ubi
390 4274 546 4349 deripiunt
568 4273 605 4333 ab
628 4273 750 4334 Heinsio
774 4275 953 4340 restitutum,
979 4268 1100 4332 111267
1133 4267 1236 4330 Χ475

90 4368 128 4429 lll
154 4368 222 4432 193.

963 4472 1030 4535 23*
