3038 4912
285 330 345 394 162
731 351 975 395 rnonnconmm.

190 517 203 556 ⁶
278 521 557 600 'notaml'ogginius
580 518 659 590 dicit,
683 521 758 580 meis
780 520 874 580 oeulis
896 523 1075 601 investigare
1098 541 1156 583 non
1180 526 1271 603 potui.
1317 525 1426 588 Trans·

280 624 392 702 positos
414 641 518 683 versus
540 621 646 682 litteris
668 624 694 681 Α
716 621 745 681 Β
769 623 841 682 01)
863 623 892 682 E
918 622 1065 683 ordinavit
1092 624 1257 694 diorthota,
1286 627 1427 692 vocabula

280 727 471 804 supraposito
494 725 576 802 apice
599 722 689 801 duplo
711 730 753 793 l),
782 740 841 801 quo
863 742 908 802 ge.
930 722 1012 786 1169
1039 725 1108 798 fetu
1131 734 1161 787 et
1180 729 1311 790 horrida
1329 729 1427 791 locum

280 833 397 887 mutare
418 827 513 887 iussit.

365 945 424 1006 Sed
447 945 482 1005 od
505 944 595 1018 Probi
622 952 709 1006 notas
737 943 955 1024 quodammodo
984 945 1155 1008 reducimur
1182 948 1238 1010 hac
1260 951 1319 1031 (a,
1350 969 1427 1030 6666

280 1047 316 1108 66
333 1064 379 1126 ge.
396 1043 500 1109 11458
516 1047 631 1127 adpicta
649 1054 710 1116 est;
735 1064 791 1107 nec
806 1046 954 1108 diversam
970 1047 1006 1108 ah
1029 1067 1063 1108 ea
1083 1038 1156 1128 puto
1176 1049 1313 1133 166606
1334 1055 1427 1112 minio

280 1149 316 1208 ad
340 1167 386 1227 ge.
413 1146 694 1210 inductioni
720 1144 784 1209 239
812 1147 990 1227 adpositam,
1015 1150 1066 1210 sed
1093 1152 1297 1230 corrigendam
1320 1161 1352 1213 ut
1377 1155 1426 1235 [ri

282 1251 342 1310 hat.
401 1251 527 1312 Notatur
550 1252 629 1312 enim
651 1249 703 1310 his'
727 1248 824 1311 trihus
852 1248 925 1310 locis
963 1253 1109 1312 sententie
1144 1253 1358 1324 memorabilis,
1394 1263 1428 1315 ut

277 1341 431 1432 γνωμικὰ
458 1353 581 1414 Homeri
613 1353 644 1412 in
673 1353 785 1412 Veneto
814 1351 916 1412 codice
944 1354 1087 1414 asterisco
1117 1355 1299 1416 indicantur:
1335 1356 1425 1434 digna

280 1456 358 1515 enim
380 1456 516 1535 proiecto
538 1463 618 1524 sunt,
643 1471 719 1532 quae
742 1452 871 1514 insidant
891 1455 921 1513 in
945 1456 1063 1524 animo,
1100 1454 1174 1516 haec
1197 1460 1234 1516 ‘o
1257 1459 1426 1518 fortunatos

279 1558 413 1627 nimium,
437 1575 490 1618 666
513 1557 538 1616 61
560 1555 637 1616 hona
661 1539 769 1624 norint,
793 1553 972 1632 agricolasl'
996 1564 1026 1617 et
1047 1555 1176 1635 ‘optima
1200 1575 1336 1637 quaeque
1360 1558 1425 1620 dies

278 1660 397 1718 miseris
421 1656 597 1719 mortalibus
619 1660 682 1718 aeri
711 1659 806 1737 prima
834 1658 926 1734 tugit’
958 1665 987 1718 et
1015 1655 1151 1718 ‘solabar
1179 1661 1247 1720 latis
1277 1655 1423 1721 contraria

277 1762 336 1821 luta
364 1758 562 1840 repondens'.
606 1760 708 1837 ltaque
732 1760 905 1820 Chrese'mon
934 1759 989 1819 hoc
1017 1761 1135 1838 signum
1163 1763 1361 1842 interpretor,
1392 1769 1425 1822 ut

277 1881 405 1943 prorsus
427 1860 523 1940 adline
546 1863 584 1922 sit
606 1859 647 1920 illi
671 1850 720 1925 >''<.
767 1861 803 1921 Et
825 1859 891 1938 lego
915 1879 1008 1931 nnnc,
1039 1880 1105 1922 eum
1129 1863 1179 1922 diu
1209 1864 1246 1924 sit
1267 1869 1424 1942 postquam

276 1964 350 2026 haec
372 1965 493 2044 scripsi,
521 1962 578 2023 hoc
600 1964 699 2042 ipsum
721 1964 836 2040 signum
861 1962 909 2043 Cri
925 1959 961 2022 in
991 1971 1115 2025 tractatu
1137 1963 1335 2026 Laurentiano
1358 1983 1423 2025 sae·

276 2064 335 2126 6611
364 2064 414 2126 XV
443 2085 458 2126 6
487 2064 589 2125 Curtio
611 2063 803 2125 Wachsmuth
831 2063 981 2142 descripto
1011 2064 1097 2144 (mus,
1118 2065 1213 2126 Rhen.
1237 2065 1328 2127 XVlll
1353 2063 1423 2146 181)

275 2169 405 2248 positum
434 2168 465 2227 in
493 2175 611 2247 patrum
641 2165 912 2226 ecclesiasticorum
942 2163 1026 2228 libris
1055 2166 1112 2227 dici
1144 2161 1182 2226 ἐν
1210 2153 1261 2238 οἷς
1288 2167 1424 2246 χωρίοις

278 2255 469 2347 εὑρίσκεται
491 2261 589 2342 ξένον
611 2286 642 2326 τι
663 2251 684 2346 ἢ
706 2255 791 2326 κατὰ
820 2258 928 2345 δόγμα
954 2252 975 2346 ἢ
1005 2255 1086 2326 καθ’
1110 2263 1263 2347 ἱστορίαν
1289 2254 1310 2347 ἢ
1339 2257 1424 2328 κατὰ

273 2362 401 2450 φράσιν
428 2355 449 2448 ἢ
479 2360 563 2429 κατά
595 2387 627 2427 τι
653 2364 809 2428 τοιοῦτον
836 2359 976 2446 ὀφεῖλον
1007 2368 1239 2449 σημειωθῆναι
1269 2366 1317 2453 cpi
1343 2358 1424 2430 ἀνα-

263 2464 514 2551 ,γιγνώσκοντις
548 2469 627 2532 6666
649 2469 837 2531 llermannus
859 2468 1009 2529 Schrader
1038 2470 1074 2529 66
1104 2473 1257 2532 notatione
1286 2473 1352 2532 orit.
1379 2469 1423 2534 53

274 2573 561 2654 pervulgatissimum
590 2572 678 2633 huius
708 2573 784 2650 signi
816 2589 901 2631 usum
928 2588 983 2630 666
1010 2572 1120 2631 criticis
1146 2574 1302 2651 proprium
1327 2574 1421 2635 luisse

274 2677 384 2737 statuit.
435 2675 496 2736 Nec
518 2672 686 2733 mirandum
710 2671 787 2750 quod
811 2673 841 2734 in
864 2679 945 2733 tanta
975 2674 1191 2734 sententiarum
1214 2674 1420 2754 splendidissi-

183 2815 185 2818 .
277 2795 393 2838 marum
427 2774 617 2837 multitudine
650 2784 711 2836 tres
742 2781 857 2854 tantum
892 2774 950 2835 loci
983 2776 1126 2836 memoria
1161 2773 1241 2854 digni
1270 2777 1325 2836 visi
1353 2784 1423 2837 sunt

273 2879 395 2941 lectori:
430 2897 500 2939 nam
533 2896 571 2938 ne
599 2887 766 2938 ceterarum
794 2875 912 2955 quidem
942 2885 1080 2937 notarum
1112 2874 1201 2937 ullam
1236 2884 1330 2938 totum
1365 2897 1421 2957 per

275 2989 390 3043 textum
415 2986 588 3040 constanter
610 2977 792 3054 ubicumque
815 2975 898 3038 locus
920 2986 1002 3038 esset
1024 2977 1186 3039 adhibitam
1215 2977 1350 3040 vidimus
1396 3043 1399 3056 ‚

358 3116 453 3177 lmmo
477 3114 559 3176 valde
581 3113 730 3192 inaequali
752 3113 850 3174 studio
871 3113 1035 3175 llediecum
1058 3112 1166 3174 librum
1190 3113 1339 3176 adnotavit
1360 3101 1421 3176 6166

277 3237 354 3280 6666
377 3219 433 3280 luit
455 3219 515 3278 6166
539 3214 816 3296 deincepsplures:
846 3213 924 3276 velut
952 3209 1061 3276 ceteris
1091 3215 1210 3292 quidem
1240 3218 1419 3287 accuratius,

277 3338 457 3400 quamquam
486 3320 607 3380 minime
636 3318 739 3397 plene,
774 3316 952 3396 paragraphi
981 3318 1060 3377 varia
1088 3318 1171 3394 signa
1199 3335 1254 3396 per
1281 3318 1421 3379 Aeneidis

277 3418 372 3480 libros
384 3428 523 3500 quattuor
535 3418 655 3479 ultimos
667 3418 810 3487 lX—lill,
824 3437 892 3479 raro
903 3403 964 3478 inV
979 3426 1008 3477 et
1020 3417 1069 3478 Vll
1081 3419 1174 3497 posita
1189 3427 1267 3487 sunt,
1280 3419 1373 3478 semel
1389 3421 1419 3479 in

273 3521 295 3596 l,
320 3520 366 3581 bis
389 3524 419 3581 in
442 3521 603 3600 georgicon
626 3521 657 3589 l,
682 3519 773 3579 semel
796 3521 826 3581 in
850 3518 1013 3590 lll„semel
1036 3519 1067 3580 in
1090 3518 1242 3590 bucolicis,
1266 3522 1419 3601 ceteroqui

273 3641 433 3702 nusquam.
485 3621 619 3698 Cumque
641 3621 701 3681 sint
722 3639 799 3700 quae
821 3640 860 3682 ne
882 3640 936 3681 suo
958 3620 1077 3698 quidem
1100 3605 1343 3706 locoUvideantur
1365 3641 1418 3701 po·

272 3726 347 3785 sitae
371 3743 451 3793 esse,
485 3722 532 3782 661
561 3741 672 3802 paucas
701 3731 786 3790 notas
814 3729 930 3783 nostras
959 3741 994 3782 cx
1023 3721 1080 3783 alio
1107 3724 1168 3784 sive
1196 3721 1261 3784 aliis
1283 3722 1367 3784 libris
1389 3726 1419 3784 in

271 3825 436 3888 Mediceum
459 3824 565 3885 inlatas
588 3843 654 3886 esse
678 3825 867 3885 coniecerim.

359 3978 464 4039 Restat
486 3977 613 4054 denique
636 3997 694 4039 una
717 3927 840 4059 llquae
863 3978 956 4039 semel
984 3976 1020 4037 ad
1042 3993 1089 4054 ge.
1113 3973 1210 4037 1482
1232 3976 1419 4053 diluviorum

274 4100 328 4141 rex
351 4080 516 4141 Eridanus'
540 4099 565 4139 e.
590 4099 619 4158 q.
643 4083 678 4159 s.)
702 4080 831 4141 adhibita
855 4099 913 4142 non
937 4081 1064 4160 dispicio
1087 4097 1147 4158 quo
1168 4080 1263 4159 possit
1283 4088 1420 4159 spectare

275 4184 330 4242 nisi
355 4181 390 4241 ad
414 4180 628 4242 observandam
652 4182 732 4241 vocis
755 4181 946 4242 ‘fluviorum'
969 4181 1147 4261 prosodiam,
1172 4179 1267 4260 qualia
1289 4199 1348 4242 non
1364 4181 1419 4242 66-

181 4303 190 4314 ·
271 4283 332 4342 hito
365 4285 437 4359 quin
461 4282 576 4344 Probus
610 4291 640 4342 et
671 4283 734 4361 ipse
768 4285 943 4344 epotaverit:
978 4285 1068 4343 61ιί6
1102 4282 1280 4362 simplicium
1314 4283 1418 4346 saltem

271 4393 405 4445 notarum
428 4384 553 4447 elencho
577 4392 656 4444 extat
677 4383 765 4445 haec:
795 4387 849 4445 ‘M
876 4384 984 4445 malum
1013 4393 1141 4445 metrum
1169 4393 1220 4445 aut
1242 4372 1415 4466 clupeue‘g’.
