2962 4904
258 345 302 412 48
400 345 402 348 ’
708 367 954 412 rnouuoouurm.
1047 341 1051 348 ’

343 536 445 615 ltaque
464 553 524 598 noo
538 536 707 614 negaverim
719 534 823 606 talem,
843 533 960 615 qualem
978 553 1058 596 nune
1071 535 1230 605 habemus,
1249 535 1366 598 aVerio
1378 543 1408 596 et

259 637 358 700 Tucca
380 637 491 699 editum
514 655 579 698 esse
603 638 763 716 georgicon
792 636 902 698 librum
932 636 1063 714 tertium.
1115 635 1173 698 Sed
1202 655 1274 698 num
1304 637 1407 699 eadem

258 741 291 800 iu
312 741 414 821 priore
437 739 566 800 editione
588 737 625 801 ab
647 739 713 818 ipso
729 738 859 818 Vergilio
882 745 983 800 curata
1007 738 1169 809 extiterint,
1193 737 1249 801 alia
1271 741 1407 820 quaestio

260 849 312 904 ost.
347 839 454 903 Pulcre
470 841 558 911 enim,
582 841 614 901 ni
636 839 731 912 fallor,
755 840 893 903 concludi
908 847 1027 921 poterat
1041 838 1229 920 pestilentiae
1245 839 1407 922 descriptio
1457 911 1460 918 ¹

258 943 412 1005 sententiis
432 938 616 1013 520-530,
645 941 765 1030 quibus·
782 943 861 1004 ultro
890 950 1023 1005 coortam
1051 959 1108 1004 uec
1135 951 1187 1006 aut
1208 942 1333 1022 segnitie
1357 950 1408 1004 aut

259 1042 489 1125 luxuria,=quali
512 1042 649 1106 homiues
671 1051 807 1123 percunt,
839 1051 1021 1106 contractam
1043 1061 1187 1124 pecorum
1210 1042 1308 1106 tabem
1330 1043 1405 1104 mol·

258 1147 326 1213 liter
348 1148 483 1227 queritur
504 1152 603 1225 poeta,
626 1146 677 1225 qui
699 1153 729 1205 et
750 1146 882 1226 primum
904 1153 934 1207 et
955 1144 1120 1207 secundum
1141 1144 1250 1207 librum
1266 1145 1408 1226 querellis

256 1247 300 1310 de
315 1267 387 1310 suae
409 1250 513 1310 aetatis
534 1247 688 1310 hominum
714 1248 792 1307 vitiis
816 1254 847 1308 et
862 1246 1036 1309 libidinibus
1050 1248 1151 1309 linivit.
1181 1247 1286 1309 Postea
1301 1246 1408 1310 ludens

257 1351 337 1411 curis
369 1349 508 1412 secundis
541 1357 638 1430 potest
668 1348 814 1430 quaedam
843 1349 1077 1431 amplificavisse,
1111 1351 1210 1430 itaque
1243 1348 1280 1410 ad
1303 1349 1407 1411 relicta

257 1469 349 1532 opere
370 1452 401 1513 in
424 1451 523 1513 medio
546 1461 576 1512 et
596 1451 737 1512 destituta
759 1459 858 1514 aratra
884 1469 911 1514 r.
926 1448 990 1514 519
1005 1451 1173 1514 adiunxisse
1197 1469 1222 1511 v.
1237 1447 1407 1513 534-536

258 1555 351 1630 ‘erqo
373 1569 462 1631 aegre
485 1554 588 1614 rastris
610 1561 720 1614 terram
742 1554 906 1615 rimmtur’
930 1572 955 1614 e.
981 1572 1009 1632 q.
1032 1571 1073 1624 s.,
1103 1569 1178 1633 quae
1207 1559 1306 1614 tamon
1328 1553 1406 1613 siin

258 1657 356 1735 ipsum
380 1662 492 1742 textum
515 1655 607 1716 inseri
630 1653 778 1733 uoluisset,
802 1672 904 1716 versus
918 1651 982 1718 520
996 1672 1061 1735 sqq.
1086 1656 1225 1716 omittere
1240 1651 1404 1716 doluisset.

257 1741 332 1818 item
355 1755 445 1817 boum
468 1755 616 1818 delectum
638 1763 741 1836 postea
769 1755 928 1820 illustravit
954 1775 980 1816 v.
1003 1752 1188 1827 531÷533,
1221 1758 1274 1835 qul
1302 1773 1406 1836 quam·

258 1877 345 1938 quam
368 1859 521 1920 nonsatis
543 1859 650 1920 conexi
673 1875 741 1942 cum
764 1860 871 1921 ceteris
886 1857 936 1920 ubi
959 1857 1048 1920 hodie
1063 1857 1203 1938 leguntur
1218 1857 1323 1919 saltem
1345 1875 1407 1918 non

257 1959 380 2022 turbant
402 1959 548 2022 ordinem.
603 1959 680 2022 Hinc
712 1965 811 2022 autem
841 1979 877 2022 eo
907 1961 1065 2040 prooessit,
1094 1968 1127 2022 ut
1154 1958 1294 2021 silvarum
1318 1960 1406 2020 ctiam

258 2063 337 2124 ieras
359 2069 390 2124 et
411 2063 503 2124 maris
530 2061 647 2143 prolem
680 2069 709 2123 et
735 2079 847 2141 angues
868 2071 937 2124 ,tam
968 2069 1128 2124 terrestres
1155 2079 1244 2142 quam
1277 2062 1407 2122 marinas

258 2171 288 2225 et
310 2183 378 2225 aves
400 2163 528 2245 denique
551 2164 657 2227 morbo
680 2172 835 2244 correptas
857 2172 1052 2234 memoraret,
1082 2164 1316 2225 enumerationis
1334 2157 1404 2223 'dili-

257 2266 356 2345 gentio
379 2264 427 2327 illa
451 2265 579 2346 quidem,
603 2284 691 2346 quam
714 2266 810 2326 lateor
832 2265 946 2327 Seneca
976 2276 1006 2326 et
1027 2263 1149 2326 rhetore
1171 2266 1265 2344 magis
1286 2263 1407 2343 diguam

257 2366 350 2430 videri
379 2386 467 2448 quam
489 2367 623 2447 perlecto
646 2375 743 2448 poeta.
793 2367 867 2429 Nam
889 2369 961 2430 satis
982 2373 1051 2447 apto
1073 2365 1110 2428 ad
1132 2365 1181 2429 illa
1209 2364 1298 2444 ‘quid
1320 2365 1407 2428 labor

257 2465 759 2549 0015000100101000011(525)...
776 2468 934 2532 frondibus
946 2477 975 2531 et
986 2471 1065 2530 rictu
1076 2475 1253 2545 poscuntur
1263 2466 1407 2547 simplicis

257 2569 386 2633 herbae'
410 2565 492 2650 (528)
510 2587 535 2631 e.
552 2587 583 2648 q.
597 2589 621 2632 s.
637 2587 732 2649 usque
748 2569 785 2631 ad
799 2567 863 2633 530
886 2570 1033 2633 accedunt
1047 2570 1135 2632 haec:
1161 2575 1334 2650 ‘praeterea
1351 2587 1406 2630 uec

257 2672 365 2735 mutari
377 2673 434 2733 iam
442 2672 560 2748 pabulo
571 2671 686 2746 resert'
699 2669 781 2753 (548)
799 2690 826 2734 0.
843 2692 871 2752 q.
888 2692 912 2734 s.
936 2673 972 2734 Et
984 2671 1031 2734 his
1041 2673 1177 2754 'opposita
1189 2679 1260 2733 suut
1276 2689 1404 2751 sequen·

258 2769 489 2844 110551-566,
513 2789 589 2851 quae
611 2774 697 2836 firme
718 2774 888 2844 cohaerent,
913 2776 971 2836 nisi
993 2774 1071 2855 quod
1086 2770 1151 2837 554
1166 2792 1210 2854 sq.
1233 2776 1336 2835 nescio
1352 2793 1406 2836 our

257 2876 384 2938 immixti
405 2876 476 2936 sint.
525 2874 600 2938 Nam
627 2873 745 2938 balatus
768 2877 948 2955 etmugitus
976 2877 1219 2938 commemoratio
1247 2883 1328 2964 post¹
1341 2875 1405 2938 lan·

258 2977 412 3056 guentium
434 2977 683 3058 morientiumque
704 2996 848 3057 pecorum
870 2978 1110 3057 descriptionem,
1134 2996 1210 3058 quae
1233 2975 1269 3038 ad
1292 2995 1319 3038 r.
1342 2973 1405 3039 ott

257 3098 351 3160 usque
373 3078 493 3157 legitur,
516 3096 577 3140 uon
599 3087 698 3159 potest
719 3098 779 3141 nou
801 3079 932 3142 taedium
955 3098 1075 3142 movere
1098 3097 1153 3142 nec
1167 3077 1287 3159 placent
1301 3097 1405 3140 amnes

260 3184 358 3243 ovium
380 3188 411 3242 et
433 3178 522 3242 boum
546 3180 727 3242 clamoribus
748 3189 896 3244 sonantes.
948 3183 1049 3262 ltaque
1071 3181 1125 3242 hos
1147 3179 1222 3242 duos
1244 3178 1405 3244 versiculos

258 3285 285 3344 si
309 3284 375 3364 quis
399 3282 520 3361 Vergilii
542 3301 602 3345 11011
625 3301 690 3344 esse
712 3283 909 3353 contenderit,
933 3284 1110 3345 nonausim
1133 3281 1305 3345 detondere.

343 3384 481 3447 Ceterum
504 3386 590 3446 amici
612 3384 734 3464 Vergilii
755 3384 873 3447 relictas
894 3384 1020 3448 schedas
1042 3404 1077 3447 eo
1100 3384 1205 3447 ordine
1227 3401 1403 3465 composue-

259 3495 337 3557 runt,
361 3487 411 3566 qui
433 3485 515 3548 solos
537 3485 722 3566 aliquatenus
745 3486 863 3548 tolerari
887 3496 1005 3567 posset,
1028 3489 1053 3548 si
1076 3487 1195 3568 quidem
1218 3505 1278 3548 ono
1301 3495 1405 3548 tenore

259 3589 358 3649 omnia
387 3586 668 3668 comprehendenda
697 3596 804 3650 essent
860 3587 944 3661 Quod
972 3591 1080 3652 sentiet
1107 3591 1158 3668 qui
1190 3588 1403 3670 uarnponeudi

259 3690 425 3771 periculum
447 3690 562 3753 lecerit.
615 3691 725 3753 Eiectis
757 3690 877 3770 quidem
911 3690 956 3752 his
978 3691 1045 3768 ,illis
1067 3691 1180 3772 duplici
1208 3691 1297 3754 modo
1326 3694 1404 3754 liniri

260 3799 377 3871 poterat
399 3790 476 3853 liber
498 3792 543 3854 vel
565 3795 608 3855 sic

411 3890 485 3957 519.
507 3891 687 3958 534-536,
711 3892 891 3959 531-533,
913 3892 1094 3959 ont-547.

261 3992 306 4055 vel
328 3996 370 4056 sic

411 4094 486 4159 010.
509 4063 689 4162 neo-noo.
711 4095 892 4162 ors-550.
915 4097 1094 4163 551-553.
1117 4095 1298 4162 006-500.

681 4355 982 4364 Q
