3038 4912
569 343 816 386 rnonceoumm.
908 315 912 322 '
1205 321 1266 385 109

204 511 279 572 'lum
303 509 451 571 contraria
482 526 536 568 nec
566 511 637 570 satis
667 511 745 570 inter
765 527 800 570 66
822 508 977 570 6666111616
999 510 1264 604 investigaverunt:

118 612 201 692 quod
224 611 274 672 Vll
297 608 358 672 601
382 627 447 691 sqq.
477 628 540 672 mos
561 611 592 671 in
615 610 697 672 Latio
720 612 813 672 1111666
836 610 946 673 dicitur
970 609 1039 670 bebi
1066 619 1171 708 portas
1196 629 1265 691 ape·

123 715 233 784 ciendi,
257 732 325 775 cum
349 720 379 773 et
401 730 491 792 supra
515 713 551 789 (r.
567 708 619 792 46)
643 711 729 791 longo
744 711 876 793 placidas
898 714 928 774 in
951 730 1024 793 pace
1047 715 1160 792 regisse
1175 711 1267 774 urbes

118 819 256 879 Latinum
278 815 479 877 adfirmaverit
500 821 587 895 poeta
611 822 640 875 et
660 811 875 895 1616616623)
901 816 1077 877 ‘inexoiiam
1093 823 1160 877 ante
1176 825 1265 894 61666

118 919 302 981 immobilem
329 917 509 978 husouiaur'
537 922 760 996 nuncupaturus
788 919 843 985 sit:
879 915 984 995 hisque
1013 918 1085 997 ipsis
1114 916 1189 978 locis
1218 934 1264 976 re·

118 1039 254 1102 pugnare
283 1021 342 1080 visa
375 1028 496 1099 tropaea
527 1035 644 1098 qnoque
674 1017 703 1078 in
733 1017 844 1096 templo
872 1015 1102 1098 616661161184
1130 1016 1206 1096 666.)
1237 1026 1265 1079 61

121 1122 298 1203 Tyrrhenae
326 1122 405 1182 66166
439 1138 465 1180 1.
495 1116 558 1180 426
594 1127 852 1182 commemoratae.
903 1119 1088 1200 Pylaemenis
1116 1119 1266 1181 Homerici

129 1226 176 1302 (cl.
206 1223 298 1286 schol.
322 1223 347 1285 N
370 1215 442 1284 643.
467 1218 540 1298 658)
570 1223 745 1284 memoriam
774 1224 882 1284 excitat
909 1221 955 1283 bis
983 1223 1099 1282 occisus
1122 1220 1266 1283 Cretheus

121 1327 174 1417 px
197 1309 334 1388 111116
356 1321 441 1404 666).

204 1425 390 1506 1166616116
413 1424 510 1507 qualia
534 1425 857 1489 166111666616661661
888 1433 918 1486 et
940 1426 1084 1487 Cretheus
1113 1425 1158 1486 bis
1187 1445 1265 1487 mor·

122 1539 188 1592 tuus
211 1538 240 1591 et
261 1528 300 1590 de
314 1529 408 1590 Numa
431 1528 622 1608 antapodosis
645 1543 683 1589 ne
706 1548 721 1590 6
744 1529 877 1609 66116616
893 1528 1011 1608 quidem
1034 1537 1141 1608 poetae
1166 1528 1265 1589 videu-

124 1641 172 1693 tur
203 1633 339 1693 excusari
373 1631 506 1711 potuisse
540 1631 599 1692 nisi
632 1649 691 1693 nou
719 1631 844 1711 perlecti
876 1630 921 1690 vel
954 1629 1093 1712 perpoliti
1126 1632 1266 1692 carminis

127 1734 318 1795 condicione:
344 1739 374 1792 61
396 1733 546 1810 congessit
567 1732 734 1794 Macrobius
757 1750 874 1813 quoque
889 1733 912 1791 l'
930 1730 978 1802 15,
1002 1729 1022 1793 6
1044 1751 1119 1813 666..
1144 1731 1195 1793 661
1217 1751 1265 1792 ra·

121 1835 210 1915 talogi
231 1843 326 1897 artem
350 1835 505 1905 examinat,
536 1834 640 1895 similis
668 1833 874 1912 neglegentiae
899 1835 929 1894 16
954 1833 1127 1896 numinibus
1156 1843 1268 1894 temere

121 1938 361 1998 commemoratis
384 1934 518 2016 exempla
541 1953 601 1996 non
623 1953 727 2015 pauca.

205 2039 266 2100 Nec
294 2036 490 2100 dubitandum
523 2038 594 2117 6616
627 2038 685 2100 iam
714 2037 859 2098 Asconius
887 2043 986 2098 certos
1014 2037 1156 2117 quosdam
1186 2037 1268 2098 locos

124 2141 200 2202 16166
222 2159 289 2202 6666
312 2140 466 2201 coufessus
488 2141 535 2210 sit,
558 2140 618 2210 ubi,
642 2146 674 2200 ut
689 2139 784 2200 Servii
806 2139 841 2199 ad
857 2141 928 2200 166.
952 2135 1049 2200 1450
1069 2137 1168 2200 verbis
1190 2147 1267 2210 utar,

124 2242 264 2304 validiora
288 2243 348 2302 sint
370 2240 486 2302 obiecta
509 2243 652 2321 purgatis,
677 2259 809 2322 quosque
833 2233 1045 2302 emendaturus
1068 2243 1172 2302 luisset
1194 2242 1267 2302 ver-

123 2342 226 2423 gilius,
250 2345 274 2404 si
297 2342 452 2404 absolvere
476 2342 608 2405 licuisset
629 2361 750 2424 poema,
775 2341 846 2405 licet
867 2342 918 2404 6111
939 2343 1063 2413 inerint,
1093 2345 1144 2420 661
1163 2361 1268 2426 emen·

121 2445 220 2508 dando
257 2459 436 2507 succurrere
472 2439 630 2514 auderent,
665 2444 712 2507 alii
746 2447 798 2523 661
824 2462 908 2506 suam
936 2446 1134 2523 ignorantiam
1163 2446 1269 2522 suique

123 2555 228 2628 captus
251 2546 475 2608 inbecillitatem
498 2565 586 2628 quam
610 2547 700 2609 divini
722 2553 828 2628 poetae
843 2548 994 2627 ingenium
1012 2547 1133 2629 culpare
1148 2546 1270 2608 mallent

122 2651 204 2728 (166.
228 2650 267 2711 lll
289 2645 373 2728 363).
418 2651 500 2711 luter
522 2649 577 2710 bos
601 2658 699 2711 autem
729 2649 838 2728 quibus
868 2649 1021 2712 constabat
1049 2652 1159 2712 erroris
1188 2650 1268 2728 igna-

120 2770 186 2813 rum
210 2753 302 2814 luisse
325 2752 476 2812 ltlaronem
506 2752 547 2826 (in
575 2751 724 2830 georgicis
752 2751 857 2812 saltem
886 2759 915 2812 61
943 2753 973 2812 16
996 2752 1088 2814 rebus
1110 2771 1145 2812 ex
1169 2751 1268 2813 erudi·

120 2855 211 2915 tionis
234 2853 376 2915 thesauro
405 2850 604 2934 hauriendis),
636 2851 805 2936 11166166166
833 2871 865 2914 66
895 2871 960 2914 6666
988 2855 1266 2934 6661116161166166.
1366 2857 1367 2860 ’

121 2956 203 3036 Scip.
232 2954 257 3014 ll
287 2951 316 3017 8.
366 2953 418 3015 1116
449 2971 525 3032 6666
553 2953 709 3014 commode
739 2955 873 3035 expediri
903 2955 991 3016 nullis
1019 2956 1152 3017 artificiis
1179 2974 1268 3035 posse
1375 2957 1386 2980 ³

120 3055 300 3119 videbantur
322 3057 532 3117 ‘insolubilia'
556 3057 586 3116 in
610 3057 824 3118 commentario
847 3056 990 3119 Serviano
1011 3054 1199 3138 appellantur
1219 3058 1267 3136 (ci.

125 3153 446 3237 1616616161225),
477 3174 572 3235 66666
601 3155 647 3217 vel
669 3155 722 3216 Xll
750 3156 796 3218 vel
818 3157 884 3219 Xlll
911 3167 1066 3220 nunterata
1093 3160 1186 3221 161666
1216 3159 1268 3220 do·

18 3249 26 3258 ’
122 3255 1082 3340 666186661611166.1113636111114666616116666*);
1112 3268 1201 3338 61666
1232 3261 1267 3321 611

123 3360 252 3424 similem
276 3363 532 3424 ratiocinationem
557 3361 711 3423 ‘decima’
734 3360 783 3424 illa
807 3360 1030 3442 ‘antapodosis’
1053 3363 1192 3443 pertinet.
1227 3365 1268 3425 16

122 3466 229 3526 merito
252 3462 446 3528 insolubilem
458 3467 672 3543 -quaestionom
695 3463 865 3526 babuemnt
886 3463 923 3524 de
938 3465 1064 3544 septima
1079 3471 1147 3542 post
1161 3464 1268 3526 Troiae

122 3565 270 3628 excidium
300 3573 428 3636 aestate,
458 3585 535 3647 quae
562 3573 592 3628 61
619 3566 745 3647 61166166
768 3567 976 3646 Carthaginem
1001 3567 1022 3646 (l
1045 3563 1116 3648 755)
1145 3574 1174 3627 61
1200 3575 1268 3647 6661

124 3669 271 3748 integram
295 3667 424 3729 hiemem
456 3668 575 3730 deserta
598 3668 712 3731 Didone
738 3670 768 3730 in
793 3667 892 3731 Sicilia
922 3667 1006 3730 ludos
1033 3668 1132 3730 edenti
1152 3669 1268 3731 Aeneae

125 3768 159 3848 (Y
181 3766 255 3849 626)
280 3771 328 3848 agi
352 3770 469 3831 dicitur.
515 3771 624 3833 Contra
647 3773 805 3834 16666166]
828 3769 970 3832 credibile
992 3789 1052 3832 non
1075 3778 1121 3831 est
1143 3769 1180 3830 de
1202 3789 1267 3832 ver-

64 3925 72 3938 .
120 3870 230 3933 borum
255 3872 327 3933 166.
350 3871 408 3934 Xll
429 3868 471 3934 74
491 3873 607 3954 ‘neque
630 3875 709 3934 enim
731 3873 835 3934 Turno
858 3891 942 3934 mora
963 3870 1058 3934 libera
1080 3873 1202 3933 mortis’
1227 3879 1269 3932 te·

40 4007 44 4014 2
123 3972 227 4036 nebris
251 3973 447 4036 discutiendis
470 3973 693 4055 desperavisse:
728 3977 819 4036 immo
848 3973 971 4036 alteram
1000 3991 1076 4052 6666
1098 3973 1176 4054 apud
1200 3976 1269 4036 Ser·

117 4077 197 4136 rium
220 4076 374 4156 protertur
403 4077 682 4158 interpretationem
716 4082 833 4156 ‘neque
863 4078 941 4138 enim
969 4078 999 4138 in
1028 4083 1175 4156 potestate
1202 4095 1268 4138 mea

190 4311 218 4382 ⁸)
237 4315 361 4382 Utroque
386 4317 449 4368 loeo
467 4316 652 4383 Reginensern
677 4317 743 4367 1674
765 4331 905 4367 numerum
925 4316 998 4381 XII,
1021 4315 1179 4366 Periainmn
1204 4315 1271 4366 ’1920

117 4401 252 4466 praebere
272 4401 351 4452 XIII
369 4405 489 4453 16616166
508 4401 540 4454 G.
559 4400 649 4455 Thilo.
