3038 4912
237 331 298 398 134
681 350 926 394 enonneounus

233 524 270 587 ab
292 522 404 585 Achille
427 521 533 583 eodem
554 520 684 582 reiectus
707 525 786 581 esset
808 515 901 599 (120),
925 525 958 580 ul
981 519 1087 580 merito
1110 517 1147 579 de
1169 517 1228 579 boc
1250 515 1377 578 debiHes

233 626 334 686 dicere
355 631 458 704 posset
484 617 648 683 ἐνταυθοῖ
671 616 738 681 νῦν
759 627 850 682 κεῖσο
873 608 945 700 μετ’
970 611 1107 698 ἰχθύσιν
1130 627 1160 681 et
1180 618 1268 699 paulo
1291 627 1375 700 post:

234 722 459 807 Σκάμανδρος
481 727 565 786 οἴσει
587 718 713 805 δινήεις
735 722 836 803 (schol.
861 724 969 784 Veron.
994 725 1065 783 den.
1082 718 1207 802 xi559).
1254 722 1378 783 Videtur

235 838 333 892 autem
347 831 449 908 Asper,
463 845 532 888 oum
543 825 622 888 bunc
633 825 731 888 locum
742 832 892 896 tractaret,
911 827 1001 886 etiam
1017 824 1072 885 alia
1086 823 1221 905 exempla
1231 823 1376 894 attulisse,

136 979 137 982 ,
234 931 287 993 ubi
315 930 403 993 ‘dom
431 929 523 990 nimio
551 929 650 990 studio
678 926 824 1006 Vergilius
852 927 888 987 ad
916 928 1079 989 Homerum
1107 925 1250 996 trabitur,
1280 943 1378 1004 neque
1423 1005 1426 1010 ‚

234 1009 380 1113 temporis
402 1049 499 1112 neque
520 1029 576 1091 loci
601 1032 720 1091 curam'
743 1027 856 1090 babere
871 1028 1031 1090 videretur.
1068 1028 1110 1090 Ao
1125 1030 1252 1090 fortasse
1275 1027 1377 1090 eadem

235 1134 333 1197 attulit
355 1153 430 1215 quae
452 1132 619 1196 Macrobius
642 1131 705 1193 Sat.
727 1132 751 1189 V
774 1128 823 1201 13,
846 1127 889 1193 34
910 1149 990 1211 sqq„
1021 1131 1075 1209 qui
1097 1129 1315 1209 ‘ignoscenda'
1339 1132 1380 1192 ait

235 1234 322 1298 ‘talia
345 1234 488 1314 Vergilio,
518 1235 570 1314 qui
597 1232 686 1295 studii
714 1235 792 1294 eirca
814 1233 977 1294 Homerum
1000 1234 1153 1294 nimietate
1176 1233 1293 1294 excedit
1313 1251 1376 1294 mo·

237 1339 327 1401 dum'
366 1337 404 1418 (S
434 1332 504 1414 40).
563 1336 690 1397 Prorsus
728 1337 806 1396 enim
843 1334 931 1396 simili
972 1337 1187 1415 inportunitate
1224 1335 1381 1404 flammam,

190 1417 196 1428 ⁹
239 1459 328 1520 quam
349 1441 428 1501 inter
450 1437 579 1499 bostium
603 1437 708 1498 caedes
730 1436 864 1520 Diomedi
892 1439 1035 1516 pugnanti
1064 1455 1100 1498 ex
1129 1437 1211 1515 galea
1240 1444 1270 1498 et
1297 1444 1381 1508 sputo

239 1543 370 1604 Minerva
392 1540 470 1621 apud
492 1540 655 1601 Homerum
677 1539 823 1609 incendit,
853 1538 999 1617 VergHius
1027 1557 1087 1600 non
1116 1538 1204 1600 modo
1228 1538 1381 1599 dimicanti

236 1645 339 1705 Turno
361 1642 400 1704 lx
415 1638 486 1712 732,
510 1641 562 1703 sed
586 1642 763 1708 etiamnum
787 1625 898 1702 bellum
921 1641 951 1701 in
974 1643 1065 1702 armis
1088 1640 1236 1702 incedenti
1252 1639 1303 1701 VH
1318 1636 1381 1702 785

237 1753 267 1807 et
295 1745 411 1806 Aeneae
438 1742 542 1805 tribuit
575 1744 666 1805 armis
699 1743 776 1805 dona
799 1742 919 1804 Volcani
952 1743 1087 1804 mirantis
1109 1742 1172 1804 VlH
1194 1739 1258 1804 620
1291 1751 1321 1802 el
1350 1743 1381 1802 in

239 1848 305 1908 navi
327 1845 481 1906 redeuntis
495 1844 539 1906 ⁴ab
562 1843 701 1906 Euandro
722 1845 748 1906 X
770 1841 842 1906 270.
893 1843 1111 1907 Commemorat
1139 1853 1296 1925 praeterea
1317 1845 1378 1906 Ma·

238 1947 360 2010 crebius
382 1950 511 2009 insertos
533 1965 592 2008 non
614 1965 669 2008 suo
697 1944 762 2008 loco
784 1947 810 2007 x
834 1944 893 2008 101
918 1947 1039 2008 Homeri
1069 1946 1107 2007 de
1135 1946 1286 2027 loquentis
1308 1945 1383 2006 lovis

238 2051 396 2111 maiestate
427 2067 530 2110 versus
560 2055 590 2108 et
616 2048 675 2108 iata
703 2048 738 2109 ad
766 2046 847 2110 illius
876 2047 1044 2128 exemplum
1066 2048 1167 2110 iliadis
1196 2044 1324 2127 (Χ209)
1352 2048 1382 2107 in

239 2150 374 2213 lancibus
395 2152 527 2230 inposita
556 2149 637 2228 (den.
667 2149 721 2211 Xll
743 2147 831 2231 725),
861 2139 1000 2228 quamvis
1020 2153 1189 2230 periturum
1217 2169 1283 2212 esse
1306 2149 1381 2210 Tur·

238 2272 311 2315 num
342 2255 400 2315 iam
428 2260 515 2314 antea
537 2251 734 2331 praedixisset
747 2252 819 2314 luno
841 2249 965 2321 v.149;
989 2260 1018 2313 et
1040 2253 1077 2313 de
1098 2253 1156 2314 boc
1179 2251 1296 2330 quidem
1318 2251 1384 2313 loco

241 2356 407 2437 quaesitum
431 2371 497 2415 esse
519 2353 614 2416 Servii
635 2373 752 2435 quoque
774 2356 964 2433 cognoscitur
987 2354 1183 2416 adnotatione.

323 2457 425 2536 Neque
447 2455 602 2517 historiam
625 2455 754 2534 neglexit
775 2457 878 2536 Asper.
902 2456 1064 2518 Mezentius
1086 2456 1206 2536 quidem
1236 2474 1290 2517 cur
1312 2475 1383 2518 con·

238 2565 367 2634 temptor
388 2560 513 2620 deorum
535 2557 651 2620 dicatur
672 2560 769 2619 minus
791 2564 873 2622 recte
894 2557 1010 2619 videtur
1032 2558 1212 2638 expediisse:
1236 2557 1384 2622 refellitur

241 2661 321 2723 enim
344 2659 421 2740 apud
445 2658 626 2721 Macrobium
650 2655 739 2729 1115,
762 2657 782 2721 9
804 2657 892 2721 allato
915 2679 951 2720 ex
974 2661 1092 2722 Catonis
1114 2661 1286 2740 Originibus
1307 2660 1383 2731 loco,

240 2779 328 2842 quem
350 2759 479 2841 vergilio
501 2763 655 2848 iumente
677 2763 768 2822 luisse
790 2781 862 2823 sane
883 2761 1037 2842 probabile
1060 2772 1114 2826 est.
1166 2763 1223 2825 Sed
1246 2763 1325 2825 idem
1348 2783 1383 2825 ex

240 2865 321 2926 lonte
349 2862 400 2926 illo
429 2863 529 2926 bausit
555 2863 593 2925 de
624 2864 745 2943 Tyrrhe
772 2871 891 2944 pastore
918 2867 1104 2947 notitiam*),
1136 2866 1165 2927 id
1199 2865 1277 2944 quod
1310 2867 1385 2944 lugit

170 2993 174 3000 ⁴
239 2968 404 3028 Henricum
428 2966 549 3036 lordan,
580 2967 631 3046 qui
652 2965 817 3046 prolegom.
846 2985 875 3046 p.
898 2966 1014 3029 XXVlll
1042 2969 1141 3030 minus
1169 2969 1384 3047 circumspecte

240 3067 396 3132 Niebubrii
419 3068 456 3129 de
479 3068 576 3129 Servii
597 3067 634 3136 ad
656 3070 728 3129 ben.
753 3066 789 3130 Vl
810 3067 874 3131 760
900 3072 1069 3132 testimonio
1097 3069 1239 3132 iudicium
1266 3070 1384 3131 videtur

242 3170 396 3251 amplexus
419 3187 495 3232 esse.
545 3171 657 3231 Verum
679 3177 738 3241 cst,
766 3190 827 3232 non
848 3173 964 3251 integra
991 3171 1081 3242 baec,
1111 3190 1185 3250 quae
1213 3173 1244 3232 in
1272 3173 1384 3233 nostris

242 3271 363 3335 soboliis
385 3271 524 3351 leguntur
546 3273 688 3342 ‘Aeneas
711 3279 745 3333 ut
766 3271 836 3333 Calo
859 3273 938 3344 dicit,
962 3273 1086 3336 simulac
1107 3276 1188 3335 venit
1209 3274 1246 3335 ad
1261 3273 1382 3344 ltaliam,

244 3373 393 3436 Lauiniam
415 3375 531 3453 aceepit
553 3392 687 3444 uxorem,
711 3383 835 3454 propter
856 3375 935 3455 quod
950 3377 1069 3437 Turnus
1090 3378 1183 3438 iratus
1205 3385 1266 3438 tam
1281 3377 1311 3438 in
1328 3375 1382 3438 La·

243 3477 339 3538 mum
361 3493 448 3556 φιοιιι
470 3477 502 3536 in
524 3477 654 3537 Aeneam
676 3476 752 3539 bella
774 3479 906 3557 suscepit
933 3497 949 3539 a
972 3476 1117 3540 Mezentio
1144 3480 1310 3559 impetratis
1332 3497 1384 3541 au·

243 3577 337 3640 xiliis’
361 3585 443 3640 recte
465 3576 501 3638 ad
523 3578 666 3641 Catonem
689 3596 777 3658 posse
798 3579 917 3651 relerri,
940 3579 993 3642 sed
1015 3582 1149 3650 resectis,
1173 3600 1250 3662 quae
1273 3600 1289 3642 e
1311 3580 1385 3642 Ver-

243 3679 316 3760 gilio
339 3698 355 3742 a
378 3686 610 3742 commentatore
632 3681 792 3761 inportune
820 3683 917 3747 addita
945 3692 1015 3744 suut
1042 3687 1184 3764 ‘propter
1211 3682 1290 3764 quod
1314 3730 1321 3743 .
1345 3729 1352 3744 .
1376 3729 1383 3743 .

245 3781 380 3844 auxiliis’
404 3781 507 3860 quidni
529 3781 565 3844 de
587 3782 706 3845 Lavinia
727 3787 844 3847 Aeneae
865 3803 959 3847 uxore
980 3784 1064 3847 iHum
1087 3803 1204 3865 quoque
1226 3784 1385 3848 tradidisse

243 3883 434 3964 putabimus?
479 3883 552 3945 Nam
575 3887 739 3964 sequentia,
763 3904 839 3965 quae
861 3905 897 3949 ex
921 3887 1110 3949 adnotatione
1132 3887 1169 3949 ad
1185 3887 1236 3948 llll
1250 3885 1315 3950 620
1336 3905 1384 3949 re·

242 3993 395 4065 petuntur,
420 3987 536 4065 ‘primo
559 3986 638 4049 bello
660 3990 750 4069 periit
770 3988 902 4061 Latinus,
926 3990 1057 4052 seeundo
1079 3992 1192 4071 pariter
1213 3991 1333 4052 Turnus
1356 3998 1386 4051 et

312 4153 342 4222 ²)
361 4155 454 4209 Sebol.
473 4157 573 4209 Veron.
592 4158 660 4212 Aen.
678 4159 731 4210 VH
752 4160 816 4210 485:
839 4159 920 4225 ‘Asp
946 4176 1045 4213 nomen
1065 4159 1160 4226 Tyrrhi
1186 4159 1220 4210 ab
1243 4159 1385 4212 historicis

243 4241 336 4294 traxit.
361 4240 495 4306 Tyrrhum
514 4243 587 4293 enim
606 4244 684 4294 aiunt
701 4243 785 4295 luisse
803 4247 951 4311 pastorem,
971 4251 1039 4312 aput
1057 4260 1137 4311 quem
1155 4242 1297 4312 Monimo)
1317 4246 1384 4297 deli·

243 4327 298 4378 tuit
328 4329 385 4376 tum
417 4341 479 4394 qum
502 4328 651 4380 Ascanium
682 4329 781 4380 timens
807 4330 881 4397 fugit
905 4332 934 4380 in
961 4332 1057 4385 silvae.
1101 4329 1147 4381 bic
1169 4331 1265 4381 Latini
1285 4331 1385 4383 vilicus

242 4410 360 4464 traditur
378 4412 489 4468 luisse!
