2956 4906
546 356 785 408 eaoueaouuus.
1167 341 1228 408 211

95 527 239 587 Claudiae
253 526 402 587 Sacerdos
423 529 582 590 memoriae
604 530 742 609 prodidit.
772 531 902 592 Eandem
926 534 1003 593 enim
1026 551 1114 612 quarn
1136 536 1230 594 nostri

93 631 158 690 lere
194 648 297 691 omnes
330 630 486 707 (MPRyc)
520 639 549 690 et
577 632 698 694 Servius
728 632 987 713 interpolationem
1018 642 1090 697 Aen.
1121 632 1231 697 11705

95 733 215 804 (Parim
237 737 348 808 meat),
372 741 401 793 et
422 732 463 793 lll
484 729 548 794 340
569 753 584 794 3
607 743 776 795 correctore
800 745 894 796 ortum
913 735 1059 798 librorum
1074 739 1179 816 Frobe
1202 745 1231 796 et

95 833 190 896 Servii
212 835 370 896 lectionem
391 853 476 911 quem
498 854 553 914 pro
575 834 624 896 illa
647 854 740 913 quoe
762 839 827 914 (M)
851 840 1031 918 propagavit.
1077 839 1230 900 Obtrecta-

93 939 168 998 toris
190 939 291 999 neseio
314 939 398 998 ouius
420 930 600 1016 malignitate
623 941 808 1018 suppositum
830 958 895 1000 esse
909 947 981 1019 puto
997 939 1075 1020 quod
1091 940 1229 1002 aeschro-

93 1038 190 1117 logiae
213 1037 382 1119 exemplum
404 1039 530 1119 protulit
550 1044 665 1103 arrecti
684 1060 739 1120 pro
760 1043 899 1102 intenti
924 1045 995 1103 Aen.
1019 1041 1045 1102 ll
1070 1040 1097 1102 1.
1146 1041 1230 1102 Com-

94 1143 251 1204 mentatori
274 1141 320 1222 (ei.
344 1140 438 1217 Serv.)
460 1141 646 1204 reddendum
667 1146 747 1222 quod
769 1145 840 1204 Aen.
865 1144 888 1204 V
911 1139 972 1205 739
994 1145 1130 1204 Phoebus
1151 1141 1229 1224 apud

93 1262 170 1318 eum,
183 1243 292 1322 legitur
313 1262 369 1322 pro
390 1261 533 1306 saevos.
997 1239 998 1244 ’

177 1345 301 1426 Quoque
320 1347 351 1406 in
373 1344 456 1406 libris
479 1346 651 1424 Vergilianis
673 1346 745 1410 nihil
768 1347 884 1425 saepius
912 1347 1021 1407 laetum
1052 1353 1111 1416 est,
1139 1353 1173 1407 ut
1198 1348 1230 1406 in

92 1448 212 1510 scholae
234 1466 322 1510 usum
344 1449 402 1508 iam
424 1447 493 1508 inde
516 1448 552 1509 ah
575 1449 775 1529 antiquissima
791 1455 887 1509 aetate
902 1447 1014 1508 similes
1029 1447 1127 1525 aliquo
1142 1447 1230 1508 modo

91 1551 150 1612 loci
173 1551 380 1612 conferrentur
407 1552 607 1630 suprascripto
637 1569 673 1611 ex
695 1551 827 1630 compari
859 1568 945 1610 versu
977 1567 1037 1610 uno
1066 1549 1110 1610 vel
1138 1549 1230 1611 altero

92 1652 242 1722 vocabulo,
264 1651 344 1712 unde
366 1653 539 1729 saepissime
561 1655 690 1730 genuina
711 1653 921 1732 suprascriptis
944 1650 1067 1730 expulsa
1088 1659 1172 1720 sunt,
1196 1651 1226 1712 id

91 1756 180 1815 etiam
201 1756 232 1814 in
254 1772 290 1814 eo
311 1751 400 1842 libro,
424 1753 502 1814 unde
525 1753 602 1832 apud
627 1752 780 1836 Claudium
794 1753 984 1814 Sacerdotem
1007 1751 1141 1833 exempla
1158 1754 1230 1828 Ver-¹

90 1854 198 1934 giliana
220 1863 336 1934 sumpta
358 1862 435 1925 sunt,
459 1855 568 1916 lactum
591 1873 657 1916 esse
677 1862 796 1934 praeter
818 1853 873 1916 alia
887 1855 944 1916 hoc
958 1854 1068 1916 indicio
1085 1853 1228 1933 proditur.

90 1957 175 2028 Quod
203 1959 283 2018 enim
311 1965 440 2019 tmeseos
466 1955 657 2017 illustrandae
686 1974 771 2018 causa
801 1955 847 2017 his
868 1956 979 2035 gelli
1001 1952 1062 2017 381
1093 1955 1229 2018 laudatur

90 2061 134 2119 sie
158 2061 292 2139 ‘septem
313 2066 466 2135 conpacto
481 2045 603 2118 'trioni'
631 2077 686 2138 pro
711 2059 897 2134 subiecto,
928 2056 997 2118 inde
1023 2056 1227 2137 explicandum

90 2159 170 2240 quod
193 2161 247 2222 ecl.
270 2161 297 2221 ll
319 2157 361 2222 36
382 2160 502 2239 scripsit
522 2167 610 2239 poeta
636 2161 767 2240 ‘septem
788 2141 948 2236 compacta
970 2159 1101 2220 cicutis’.
1149 2159 1228 2237 Ergo

90 2260 136 2323 vel
164 2264 366 2324 tenuissimam
394 2263 549 2338 utriusque
574 2260 633 2321 loci
661 2261 881 2322 similitudinem
910 2260 1103 2323 scholasticus
1124 2262 1227 2320 neseio

90 2365 157 2443 quis
177 2364 209 2424 in
232 2363 381 2443 exemplar
403 2362 587 2425 inferendam
610 2381 677 2423 esse
698 2370 859 2443 putaverat.
904 2362 977 2422 item
1000 2359 1131 2423 scholam
1153 2363 1230 2442 sapit

90 2465 170 2543 quod
192 2468 263 2526 len.
287 2465 327 2526 lll
349 2459 412 2525 229
440 2463 575 2525 ‘scandi'
597 2483 668 2526 rurs
689 2469 721 2527 in
739 2473 857 2526 ‘secessu
879 2462 977 2534 iubet,
1010 2465 1095 2526 ‘eum
1123 2481 1229 2525 rursus

89 2568 224 2646 posuerit
245 2571 367 2646 poeta’‚
397 2567 477 2646 quod
505 2575 603 2627 tamen
631 2587 647 2628 a
675 2566 890 2628 litteratoribus
918 2567 1006 2626 etiam
1032 2567 1068 2625 in
1086 2566 1228 2627 Pierianis

88 2667 240 2748 plerisque
263 2668 472 2748 interpolatum
494 2687 549 2748 pro
577 2671 708 2746 genuino
737 2685 899 2731 rursum.
948 2665 1103 2729 Librarius
1130 2684 1227 2745 gram·

88 2773 190 2832 malici
212 2771 394 2832 commisisse
416 2778 513 2850 potest
533 2774 694 2846 acquirere
714 2790 770 2850 pro
792 2773 974 2832 accedere
995 2769 1044 2848 ge?
1066 2769 1091 2829 ll
1111 2765 1184 2830 483.

172 2871 337 2934 Praeclaris
365 2890 401 2932 ex
428 2872 558 2934 lontibus
590 2871 689 2933 hausit
712 2872 825 2933 Noeris
847 2873 1024 2941 Marcellus,
1059 2871 1106 2932 oui
1139 2889 1227 2931 unam

88 2974 231 3051 dehemus
265 2973 501 3036 emendationem
528 2977 691 3050 populos
722 2992 778 3052 pro
810 2973 925 3052 vulgata
951 2974 1080 3034 Rutulos
1107 2971 1227 3033 Aenll

90 3073 166 3145 111,.
184 3092 272 3153 quam
295 3077 504 3157 prudentiores
525 3080 704 3155 interpretes
727 3076 797 3136 satis
820 3075 960 3154 explicari
980 3091 1040 3135 non
1056 3091 1143 3153 posse
1158 3091 1227 3134 eou-

87 3178 160 3238 lessi
187 3187 265 3240 sunt.
322 3183 429 3259 Aptum
458 3187 522 3239 erat
546 3185 615 3258 post
641 3177 715 3238 haee
743 3176 838 3238 ‘Tros
865 3175 1030 3237 Rutulusne
1056 3177 1119 3238 luat
1145 3173 1226 3235 nullo

87 3278 261 3340 dIserimine
287 3279 421 3341 haheho'
452 3299 512 3341 non
539 3279 617 3340 idem
647 3279 684 3339 de
712 3277 828 3338 Rutulis
855 3279 1014 3356 separatim
1041 3276 1225 3351 adseverare,

87 3379 142 3440 sed
164 3383 317 3459 sequentia
348 3385 419 3444 ‘sua
447 3383 553 3462 cuique
579 3400 686 3442 ‘exorsa
714 3379 847 3442 lahorem
870 3381 1079 3458 fortunamque
1102 3378 1225 3446 lerent’,

87 3499 162 3560 quae
185 3482 221 3543 ad
243 3490 386 3560 utrosque
408 3485 574 3562 pertinent,
604 3483 661 3544 hoc
690 3484 838 3562 promisso
860 3499 1056 3561 praeparare:
1086 3499 1141 3541 nec
1162 3481 1226 3560 ipse

78 3585 269 3646 intercedam
292 3592 328 3646 ut
347 3584 456 3646 solvam
472 3587 550 3646 acies
565 3584 752 3665 populorum,
776 3603 844 3646 nam
866 3585 942 3645 ‘lata
958 3584 1033 3643 viam
1047 3583 1224 3643 invenient'.

86 3685 207 3764 Repetit
227 3687 306 3747 idem
328 3686 560 3767 pulcherrimam
583 3686 739 3748 lectionem
768 3705 814 3765 ge.
840 3683 928 3747 1181
957 3687 1073 3746 exilit
1101 3687 1133 3744 in
1162 3683 1225 3745 solo

86 3806 109 3866 y
131 3799 284 3858 servatam,
309 3807 395 3868 333111
418 3788 608 3850 librariorum
624 3790 745 3864 (Mede)
767 3787 953 3866 neglegentia
969 3788 1102 3866 eorrupit
1117 3788 1225 3847 omissa

85 3888 109 3948 L
136 3891 215 3950 inter
243 3889 316 3952 duas
338 3890 365 3950 l:
400 3889 452 3951 sed
479 3891 663 3950 recentiores
690 3889 737 3951 his
766 3887 810 3950 vel
833 3888 1015 3950 Lachmanni
1037 3889 1226 3949 coniecturae

85 4008 191 4069 parurn
220 4009 398 4053 numerosae
426 3991 550 4052 credere
578 3991 745 4053 maluerunt
772 4009 860 4070 quam
888 3992 1025 4069 antiquae
1054 3990 1234 4077 memoriae..

84 4087 270 4154 Testimonio
293 4094 447 4154 confirmat
467 4096 633 4156 calorem
656 4111 701 4172 ge.
725 4089 829 4154 11344
851 4093 1001 4170 (MRylro)
1025 4091 1128 4151 eodem
1152 4109 1224 4153 neu·

86 4195 162 4254 trius
183 4197 302 4273 generis
324 4194 461 4275 exemplo
483 4195 621 4257 Plautino
643 4189 752 4265 addito,
775 4210 834 4271 quo
849 4193 1049 4274 Philargyrius
1070 4196 1166 4268 calor,
1192 4201 1224 4253 ut

85 4295 117 4354 in
141 4297 169 4356 P
187 4304 274 4364 extat,
298 4297 438 4367 defendit,
462 4305 496 4358 ut
518 4317 553 4357 ox
570 4297 673 4358 eodem
689 4305 848 4372 utrumque
863 4296 1075 4356 commentario
1091 4295 1224 4355 hausisse
1263 4301 1264 4306 ’

84 4399 230 4476 suspicer.
285 4399 441 4460 Praeterea
474 4402 670 4498 tenendum
696 4415 748 4476 xge.
781 4397 806 4457 ll
834 4393 894 4457 371
930 4398 1086 4469 (tuendum
1115 4397 1220 4471 RV?)‚

955 4495 1018 4558 14*
