3038 4912
251 309 310 374 706
695 330 940 374 esonsoounnn.

247 500 329 562 illum
358 502 542 580 vituperatur
568 517 614 578 ge.
638 496 738 562 1344
765 502 926 577 vinumque
950 499 1052 562 Cereri
1081 517 1142 562 non
1168 500 1256 563 libari
1283 501 1395 564 debere

248 604 342 665 Plauti
373 622 410 664 ex
433 601 583 666 Aulularia
610 601 747 664 versibus
769 603 795 664 ll
817 599 846 672 6,
870 599 891 664 5
913 621 958 681 sq.
989 603 1130 674 ducetur,
1161 623 1199 665 ne
1227 604 1301 682 llaec
1329 606 1419 682 qui·-

247 708 314 769 dem
337 697 415 787 apud
438 705 574 766 Servium
597 713 736 766 nostrum·
754 705 871 773 desunt,
895 707 946 783 qui
968 707 1010 767 ait
1032 707 1118 768 ‘nam
1142 707 1326 787 superfluum
1350 716 1396 768 est

247 810 326 891 quod
355 807 474 888 quidam
502 806 620 878 dicunt,
650 814 754 869 contra
776 806 953 886 religionem
982 809 1092 870 dixisse
1116 801 1268 888 Virgilium
1292 809 1395 871 Cereri

247 914 284 973 de
307 913 375 973 vino
391 911 567 972 sacrillcari:
591 909 776 989 pontificales
791 927 919 988 namque
934 910 992 971 hoc
1007 929 1067 972 non
1083 919 1182 973 vetant
1203 909 1281 972 libri.
1315 912 1394 989 quod

248 1022 347 1076 autern
370 1015 410 1074 ait
432 1012 563 1082 Plautus,
593 1013 677 1073 carius
704 1011 747 1072 illi
775 1019 900 1073 utuntur
928 1013 1130 1092 exemplo...
1161 1032 1221 1075 non
1252 1019 1296 1074 est
1315 1013 1395 1074 -huic
1444 1077 1447 1082 ,

249 1117 313 1178 1666
342 1116 543 1177 contrarium'
572 1133 597 1175 e.
622 1130 650 1192 q.
674 1134 715 1188 s.‚
750 1113 801 1176 ubi
834 1115 936 1175 nescio
966 1133 1004 1176 an
1033 1115 1150 1194 laudata
1181 1115 1394 1196 pontificalium

248 1217 392 1280 librorum
416 1218 578 1280 auctoritas
600 1224 716 1296 spectet
738 1217 774 1278 ad
797 1215 915 1297 plenius
937 1215 974 1278 ab
998 1219 1120 1296 antiquo
1137 1217 1241 1280 Servio
1263 1217 1395 1280 adlatum

65 1400 69 1410 Ι
173 1405 175 1408 ¹
249 1322 470 1388 testimonium,
499 1319 578 1380 unde
601 1321 726 1380 sortasse
748 1319 826 1399 apud
841 1318 1023 1382 Macrobium
1047 1319 1152 1382 hausta
1175 1329 1245 1382 sunt
1267 1339 1341 1401 quae
1363 1323 1395 1382 in

250 1430 383 1484 extremo
399 1423 495 1501 capite
510 1419 677 1482 adduntur:
702 1425 821 1483 ‘notum
844 1428 942 1482 autem
959 1441 1099 1483 essenon
1116 1421 1291 1492 clilsrtebere,
1316 1421 1394 1503 quod

250 1545 275 1587 a.
307 1525 334 1586 d.
364 1523 574 1585 clriodecimam
604 1522 751 1586 Kalendas
778 1523 930 1585 lanuarias
952 1522 1073 1586 Herculi
1101 1531 1131 1584 et
1153 1526 1254 1586 Cereri
1283 1526 1396 1586 iaciunt

174 1655 175 1658 ¹
250 1647 303 1688 sue
326 1635 487 1706 praegnata
510 1625 635 1706 panibus
657 1624 781 1686 mulso'
827 1625 884 1686 Sed
908 1625 987 1705 quod
1018 1626 1100 1688 ‘miti
1122 1627 1259 1688 Baccho'
1282 1626 1396 1687 Vettius

249 1729 380 1790 ‘mulso’
404 1727 633 1807 interpretatur,
663 1729 751 1806 periit
773 1729 804 1788 in
826 1726 947 1788 scholiis
969 1726 1059 1790 inlata
1082 1711 1243 1790 ‘aliorum'
1268 1727 1396 1808 explica·

249 1834 344 1900 tione,
379 1831 428 1910 qui
457 1831 541 1890 ‘miti
570 1829 703 1890 Baccho'
737 1848 793 1910 pro
827 1829 924 1891 dativo
953 1849 1023 1892 casu
1051 1830 1246 1912 accipiebant.

318 1931 417 1994 Altera
433 1933 576 2013 quaestio,
593 1951 680 2012 quam
697 1933 727 1993 in
745 1930 849 1993 eodem
866 1933 962 2012 capite
974 1933 1143 2011 Euangelus
1158 1940 1265 2002 moret,
1283 1943 1397 2014 spectat

247 2036 283 2098 ad
297 2037 369 2096 Aen.
382 2031 582 2096 7711279617
595 2031 666 2109 736,
680 2033 731 2094 uhi
743 2034 774 2094 in
787 2053 920 2095 mensam
934 2033 1052 2105 libatur,
1073 2054 1133 2096 nou
1151 2038 1183 2097 in
1198 2055 1289 2098 aram.
1320 2037 1394 2098 item

249 2134 373 2200 Seruus
395 2143 498 2198 noster
521 2135 557 2199 ad
580 2137 652 2198 deu.
678 2135 740 2197 Vlll
763 2131 826 2197 279
849 2137 1014 2197 adnotavit:
1039 2138 1211 2214 ε(7776677167
1235 2157 1317 2208 sane,
1343 2157 1396 2199 cur

248 2243 278 2300 in
303 2223 434 2301 mensam
459 2247 488 2300 et
510 2257 569 2300 non
592 2241 622 2299 in
639 2256 719 2299 aram
736 2237 925 2306 libaverint';
951 2241 1093 2301 omissum
1110 2239 1229 2320 quidem
1251 2238 1300 2300 hic
1317 2240 1395 2318 qtrod

249 2344 401 2403 ‘Tertitrs’
426 2344 486 2403 sire
502 2341 598 2401 Titius
621 2343 705 2401 ‘cum
729 2340 766 2402 de
789 2341 847 2401 ritu
871 2359 1023 2402 sacrorum
1046 2341 1138 2404 turrita
1162 2341 1332 2411 dissereret,
1357 2343 1397 2402 ait

249 2443 305 2505 sibi
328 2443 407 2504 lianc
431 2442 527 2504 locum
550 2444 580 2502 iu
605 2443 807 2522 quaestionem
837 2443 971 2512 renire',
1001 2443 1109 2504 omissa
1138 2443 1226 2504 ctiam
1254 2461 1330 2523 qnae
1360 2463 1394 2504 67

249 2546 407 2625 Papiriano
430 2547 494 2606 iure
517 2545 630 2605 Vettius
652 2545 759 2606 recitat
780 2542 887 2613 verba,
916 2543 969 2604 sed
992 2543 1069 2625 quod
1094 2544 1140 2606 his
1162 2546 1234 2626 ipsis
1254 2531 1394 2625 'compro-

250 2647 314 2709 bari
336 2648 424 2708 docet
458 2635 545 2708 ‘orae
574 2649 666 2710 ricem
694 2653 847 2727 praestare
876 2664 964 2725 posse
994 2665 1127 2708 mensam
1150 2646 1308 2717 dicatam',
1346 2646 1396 2707 ille

250 2767 369 2828 quoqne
391 2751 430 2809 ita
453 2748 680 2830 comprehendit
702 2755 734 2810 ut
756 2747 822 2809 loco
849 2747 901 2808 illo
930 2767 1017 2809 usum
1047 2767 1113 2810 esse
1141 2750 1212 2810 satis
1241 2758 1394 2830 appareat.

251 2853 325 2914 Nam
349 2870 415 2912 curn
439 2851 500 2912 illic
523 2854 572 2913 ‘in
596 2852 673 2913 lanis
695 2851 751 2912 alia
776 2868 914 2911 vasorum
937 2868 1002 2912 esse
1025 2857 1054 2911 et
1076 2868 1178 2913 sacrae
1193 2850 1394 2932 supellectilis,

250 2954 305 3016 3173
335 2959 597 3016 ornamentorum'
627 2971 789 3032 mensaque
822 2954 872 3013 ‘in
901 2971 958 3032 qun
988 2951 1094 3032 epulae
1120 2951 1338 3029 libationesque
1367 2959 1396 3011 et

251 3059 342 3137 stipes
365 3058 571 3135 reponuntur'
601 3057 768 3136 principem
791 3053 890 3115 locum
912 3055 996 3117 777167,
1017 3073 1087 3115 rasa
1116 3053 1266 3124 obtinere,
1296 3056 1396 3132 itaque

251 3177 353 3220 mensa
381 3157 542 3238 arulaeque
571 3157 705 3218 dicantur
734 3155 838 3217 eodem
868 3156 916 3217 die
951 3175 1009 3236 quo
1037 3156 1127 3218 aedes
1153 3158 1235 3236 ipsae
1264 3155 1396 3216 dedicari

252 3261 363 3330 solere,
393 3263 423 3320 in
447 3260 596 3322 Servianis
618 3257 737 3320 scholiis
759 3258 834 3319 haec
862 3265 1001 3337 excerpta
1030 3257 1182 3336 leguntur:
1217 3258 1288 3319 ‘sed
1317 3257 1394 3338 apud

252 3365 391 3441 antiquos
414 3364 492 3424 inter
515 3379 651 3422 vasorum
675 3357 888 3440 supellectilem
913 3360 999 3420 etiam
1024 3377 1156 3421 mensam
1173 3379 1240 3420 curn
1256 3361 1316 3422 aris
1332 3379 1396 3420 uros
1484 3391 1485 3398 1

253 3473 316 3526 erat
338 3465 509 3526 consecrari
532 3480 591 3541 quo
614 3463 661 3523 die
684 3462 827 3542 templum
851 3459 1099 3531 consecrabatur,
1129 3460 1208 3522 unde
1235 3461 1312 3523 bene
1340 3464 1394 3522 ait:

252 3568 281 3626 in
306 3584 439 3627 mensam
462 3565 532 3626 laeti
554 3564 656 3635 libant,
681 3582 769 3642 quam
793 3563 947 3625 constabat
968 3583 1035 3626 carm
1058 3581 1110 3626 ara
1131 3566 1258 3625 maxima
1280 3563 1395 3626 dedica-

253 3670 341 3737 tam’,
367 3687 432 3729 uam
457 3687 494 3728 ne
516 3669 591 3728 hacc
614 3666 716 3728 ultima
739 3665 857 3747 quidem
881 3665 989 3727 desunt
1010 3666 1087 3747 apud
1110 3665 1294 3727 Macrobium
1315 3663 1338 3744 ὃ
1361 3664 1395 3727 77

254 3774 344 3849 ‘ergo
367 3769 443 3849 apud
468 3769 639 3831 Euandrum
663 3769 782 3849 quidem
806 3770 838 3828 ut
859 3770 935 3829 iusta
958 3767 1069 3838 libatio,
1093 3770 1203 3848 qnippe
1226 3769 1312 3844 apud
1330 3785 1396 3827 eum
1473 3757 1475 3761 ’

253 3890 403 3942 mensam,
433 3891 511 3948 quoe
536 3891 605 3934 cum
628 3890 686 3932 ara
715 3874 851 3931 maxima
873 3888 956 3931 more
981 3872 1083 3948 utique
1112 3865 1265 3948 religionis
1290 3869 1398 3942 suerat

253 3977 412 4036 dedicata'
437 3993 462 4034 e.
487 3994 515 4054 q.
538 3994 562 4036 s.
922 3963 923 3966 '

339 4079 447 4140 Contra
475 4076 677 4156 quibusdan.
702 4076 713 4137 l
738 4073 799 4137 736
828 4082 948 4136 excusat
969 4074 1097 4143 Vettius,
1127 4071 1397 4135 eadesidcrautur

254 4184 284 4242 in
307 4188 409 4241 nostro
433 4180 655 4248 commentario,
681 4176 731 4238 uhi
754 4178 869 4238 diversa
893 4178 995 4256 eisque
1018 4171 1398 4253 qrraeadden.V111279

254 4283 398 4343 docentur
422 4278 511 4342 simili
533 4282 649 4341 ratione
671 4280 794 4340 solvitur
817 4279 961 4356 quaestio.

340 4385 442 4446 Restat
463 4383 593 4466 denique
609 4380 738 4442 ‘mutilus
760 4380 836 4463 aptud
853 4378 1036 4442 llacrohium
1060 4379 1143 4440 locus
1162 4397 1188 4442 c.
1207 4375 1246 4439 12
1261 4380 1397 4452 extremi,
