3038 4912
575 351 820 398 rnonneouurm.
1203 327 1263 390 129

124 523 219 585 sunus
246 521 283 582 de
311 520 375 582 util.
405 521 486 583 cred.
513 519 550 583 17
580 523 660 583 iuxta
689 539 754 582 cum
778 519 907 582 Cornuto
935 529 976 580 et
992 518 1109 580 Donato
1134 534 1262 579 comme·

122 631 227 685 morat.
272 622 345 685 Cum
368 631 465 683 autem
489 621 633 683 refellerit
653 621 775 682 Cornuti
797 621 966 700 opinionem
989 618 1137 698 quandam
1161 616 1262 697 (schol.

122 723 229 786 Veron.
252 727 324 786 Aen.
350 723 387 784 lll
410 721 487 786 691:
511 743 579 786 nam
602 724 638 785 ad
661 722 713 785 llll
737 719 796 784 178
819 740 894 803 quae
916 705 994 782 inter
1016 723 1172 802 utriusque
1196 739 1264 782 sen·

123 827 229 887 tentias
251 829 327 888 ratio
351 825 441 887 luerit
464 844 522 887 non
544 809 657 906 liquet),
685 833 754 905 post
780 824 860 886 hunc
883 825 1037 902 scripserit
1064 840 1186 883 necesse
1210 831 1263 882 est.

122 928 222 990 Probo
236 931 332 990 maior
346 935 417 988 natu
431 922 498 998 luit,
514 929 540 987 si
556 929 606 1005 qui
621 926 712 988 huius
726 927 846 988 nomine
861 926 1068 988 circumfertur
1084 930 1264 986 commenta·

123 1032 184 1091 rius
206 1029 243 1090 ad
272 1028 406 1091 bucolica
435 1038 464 1096 et
492 1031 631 1107 georgica
659 1030 691 1089 in
721 1047 754 1089 ea
782 1027 887 1088 saltem
914 1033 1013 1106 parte,
1040 1027 1072 1087 in
1100 1044 1156 1106 qua
1178 1027 1266 1105 Asprl
1325 1040 1331 1052 ·

70 1175 76 1188 .
123 1133 283 1193 auctoritas
307 1131 353 1192 bis
375 1139 639 1202 commemoratur,
670 1139 752 1193 recte
775 1129 893 1210 Berytio
922 1129 1099 1190 vindicatur:
1135 1137 1165 1189 et
1186 1128 1266 1188 bunc
1308 1165 1310 1174 ,

122 1233 311 1313 potissimum
334 1232 501 1296 eruditione
523 1235 670 1311 insignem
693 1251 758 1294 esse
780 1249 868 1292 nomo
892 1229 1019 1310 negabit.
1067 1229 1165 1308 ltaque
1181 1236 1263 1290 recte

124 1333 239 1396 videtur
266 1337 298 1397 in
327 1334 419 1396 schol.
445 1334 551 1396 Veron.
581 1334 618 1396 ad
646 1338 718 1396 Aen.
743 1333 779 1394 lll
810 1330 873 1394 373
902 1341 932 1394 et
959 1331 1036 1412 apud
1066 1332 1202 1394 Servium
1230 1331 1266 1392 ad

94 1437 99 1452 '
124 1443 197 1499 Aen.
219 1434 323 1498 X539
338 1439 425 1517 Aspri
448 1455 557 1498 nomen
580 1445 648 1498 ante
665 1434 793 1497 Probum
817 1436 1061 1496 commemorari:
1086 1450 1265 1513 quamquam
1298 1439 1301 1446 ’

33 1591 34 1594 ,
128 1538 195 1600 talia
217 1541 388 1601 testimonia
410 1538 487 1600 haud
511 1540 616 1617 ignoro
638 1538 726 1599 nimis
753 1537 890 1617 ambigua
918 1555 994 1599 esse.
1045 1536 1158 1598 Novum
1186 1537 1266 1597 testi·
1370 1551 1376 1566 ‘

128 1642 261 1702 monium
284 1640 330 1702 bis
353 1639 538 1701 emendando
557 1628 722 1720 ’Ἇσπερος
742 1657 798 1720 pro
816 1627 960 1719 ’Ἀπερος
981 1638 1127 1717 Rergkius
1149 1638 1267 1718 ephem.

127 1745 273 1822 antiquitt.
306 1739 387 1804 1845
414 1761 442 1821 p.
469 1737 530 1805 125
558 1740 660 1802 elicuit
694 1760 730 1802 ex
759 1730 933 1802 Suidae'de
960 1740 1117 1802 Heraclide
1144 1741 1267 1808 Pontico

129 1846 299 1912 notatione,
338 1842 500 1908 Aristarchi
540 1851 718 1905 sectatorem
750 1844 843 1906 luisse
879 1845 1025 1923 Asprum,
1060 1845 1111 1921 qui
1145 1839 1267 1904 Claudio

130 1948 311 2026 imperatore
341 1944 461 2006 celeber
488 1947 700 2024 grammaticus
732 1940 843 2007 llomae
874 1946 980 2015 luerit,
1021 1963 1150 2024 cumque
1178 1945 1267 2024 Didy-

127 2067 205 2109 mum
233 2047 465 2110 Alexandrinum
498 2049 528 2108 in
561 2046 671 2108 scholis
703 2048 811 2108 acriter
844 2049 1013 2126 carpsisset,
1050 2047 1137 2108 huius
1171 2046 1267 2107 alum·

129 2167 199 2218 num
215 2149 402 2211 Heraclidem
418 2145 574 2210 Ponticum
589 2148 745 2211 Phalaecio
767 2156 864 2210 metro
887 2151 1075 2230 quaestiones
1098 2147 1267 2210 lescbarum

128 2251 212 2312 titulo
236 2252 452 2332 composuisse,
483 2252 591 2330 quibus
613 2251 746 2314 Romano
769 2254 960 2330 grammatico
989 2251 1169 2314 detraheret.
1216 2250 1267 2328 (lli.

128 2353 263 2414 ldeinolre
291 2353 366 2416 anal.
396 2352 477 2414 Alex.
508 2351 570 2416 377
594 2371 656 2434 sqq.
688 2363 717 2416 et
746 2373 821 2435 quae
849 2354 887 2415 de
909 2353 1028 2416 Canobo
1055 2353 1092 2414 ab
1114 2347 1270 2414 Heraclide

129 2457 160 2515 in
182 2462 269 2536 etym.
287 2454 364 2516 Gud.
387 2473 416 2535 p.
441 2451 513 2526 297,
536 2453 579 2516 49
602 2466 632 2518 et
653 2458 684 2517 in
700 2457 849 2518 Servianis
871 2456 991 2518 scholiis
1013 2455 1050 2517 ad
1072 2473 1119 2534 ge.
1143 2450 1268 2516 1111287

130 2564 160 2618 et
180 2560 253 2619 Aen.
276 2556 316 2618 Xl
338 2553 402 2618 263
424 2557 602 2638 traduntur.)
654 2559 814 2621 Suetonius
843 2567 940 2620 autem
970 2558 1050 2638 quod
1077 2554 1188 2619 nnllam
1211 2562 1270 2617 tam

128 2658 266 2720 inlustris
296 2661 481 2737 grammatici
509 2662 689 2722 montionem
717 2662 801 2730 iecit,
831 2660 899 2723 inde
926 2663 1037 2723 lactum
1066 2679 1132 2722 esse
1159 2660 1269 2729 statuit,

131 2761 211 2840 quod
233 2760 284 2821 ille
307 2761 434 2822 Cratetis
457 2760 643 2840 disciplinam
666 2770 796 2824 sectatus
817 2763 906 2824 buius
928 2761 1167 2842 inter'aequales
1188 2763 1271 2841 prin·

130 2864 226 2943 cipem
250 2880 337 2941 quam
361 2860 561 2926 adversarium
585 2863 722 2927 maluerit
743 2868 906 2928 memoriae
938 2864 1158 2928 commendare.
1213 2863 1271 2924 Sed

131 2965 167 3025 de
196 2965 252 3025 hac
279 2966 427 3044 ingeniosi
449 2966 506 3027 viri
528 2967 699 3028 coniectura
722 2967 840 3030 videant
861 2967 924 3028 alii:
960 2969 997 3030 ci.
1020 2964 1213 3029 Wachsmutb
1236 2965 1272 3025 de

133 3067 250 3129 Cratme
265 3066 384 3128 llallota
405 3086 435 3146 p.
453 3065 482 3139 7,
506 3069 594 3129 Riese
616 3069 654 3130 de
669 3069 766 3130 Probo
788 3089 818 3149 p.
835 3066 865 3131 9.

215 3169 277 3230 Noc
299 3167 450 3231 indoctum
473 3173 610 3232 criticum
633 3179 662 3232 et
682 3173 876 3250 interpretem
904 3171 1035 3251 produnt
1056 3180 1191 3234 veterum
1213 3179 1272 3234 tes·

133 3273 270 3341 limonia,
308 3280 435 3349 quorum
464 3291 532 3335 cum
561 3273 649 3352 longe
677 3275 804 3335 maxima
830 3293 900 3354 pars
927 3275 962 3336 ad
991 3275 1120 3336 Aeneida
1149 3281 1272 3354 spectet,

138 3381 236 3434 tamen
259 3373 400 3434 nonmdla
428 3376 459 3435 in
488 3374 632 3438 bucolicis
654 3393 771 3456 quoque
799 3383 829 3438 et
855 3378 1002 3456 georgicis
1031 3385 1178 3439 versatum
1207 3396 1274 3438 esse

135 3474 253 3542 docent.
307 3475 405 3538 Semel
432 3478 463 3538 in
492 3477 584 3540 schol.
617 3478 725 3539 Veron.
755 3478 837 3555 (Aen.
861 3479 900 3540 lx
921 3475 983 3540 386
1010 3498 1039 3560 p.
1065 3477 1140 3550 101,
1166 3477 1203 3541 17
1227 3479 1272 3559 Κ.)

135 3579 179 3638 sic
203 3581 253 3639 ‘in
273 3579 366 3655 Asp'
389 3577 536 3650 laudatur,
561 3581 640 3658 quod
665 3583 714 3643 ‘in
735 3585 844 3659 Aspri’
873 3601 913 3644 sc.
942 3585 1155 3644 commentario
1178 3575 1274 3643 inter·

136 3679 323 3760 protundum,
347 3689 380 3741 ut
401 3681 478 3762 apud
493 3683 628 3744 Servium
652 3684 687 3744 ad
703 3687 775 3745 Aen.
799 3682 877 3755 121,
901 3685 1136 3772 quemcontulit
1151 3685 1273 3755 Keilius,

133 3785 175 3844 ‘in
191 3784 296 3845 Prodi'
319 3782 437 3862 legitur,
461 3793 553 3864 utque
576 3788 625 3848 ‘in
641 3788 784 3850 Cornuti'
807 3788 969 3850 earundem
991 3771 1168 3850 schedarum
1183 3791 1274 3851 Vero·

136 3887 271 3952 nensium
294 3886 503 3966 compendium
526 3906 615 3970 supra
639 3888 849 3971 supplevimus.

216 3989 343 4049 Celticus
364 3990 483 4068 quidem
500 3997 587 4053 tenax
609 3999 672 4054 erat
688 3993 812 4055 traditae
826 3992 972 4065 lectionis,
995 3998 1047 4075 qui
1060 3995 1276 4076 interpretandi

132 4091 225 4168 magis
242 4089 403 4153 subtilitate
419 4110 508 4170 quam
519 4096 705 4156 coniectandi
714 4096 846 4175 periculo
859 4097 1028 4160 confideret.
1051 4098 1203 4160 Tuebatnr
1214 4098 1275 4159 ool·

132 4193 190 4253 lato
203 4192 333 4254 Sallustii
345 4194 490 4276 exemplo,
503 4198 582 4275 quod
595 4216 683 4276 quam
695 4197 790 4260 simile
802 4202 891 4261 luerit
902 4218 957 4262 nos
968 4200 1130 4263 diiudicare
1144 4201 1204 4262 iam
1216 4221 1275 4262 non

132 4315 302 4380 possumus,
315 4289 483 4375 insignibus
497 4304 590 4362 armis
608 4301 687 4381 quod
698 4303 771 4364 Aen.
783 4303 809 4363 X
819 4299 884 4365 539
896 4305 926 4364 in
940 4305 1106 4382 MPertyoc
1122 4311 1210 4384 extat.
1241 4305 1278 4365 Et

133 4397 213 4461 lrunc
229 4397 328 4460 locum
350 4418 416 4462 cum
434 4401 651 4467 emendandum
668 4406 825 4486 reliquerit
840 4406 953 4475 Probo,
973 4404 1050 4468 alius
1068 4404 1125 4468 loci
1142 4409 1214 4468 Aen.
1226 4406 1278 4467 Vll

200 4516 337 4561 erassem,
358 4519 515 4560 rnonsaou.
715 4553 716 4556 ,
1008 4519 1013 4532 ·
1054 4507 1074 4570 9
