3038 4912
569 344 816 390 rnoneoounnn.
1224 317 1265 384 67

112 515 205 576 verbi
226 515 355 577 lustrare
379 517 532 577 notionem
556 511 760 576 circumeundi
783 523 812 575 et
834 510 1065 574 circumferendi
1088 520 1183 574 ortam
1199 527 1265 571 esse

112 618 230 680 docuit.
648 689 650 694 ¹

208 718 373 780 Tibicinem
397 737 443 790 an,
467 735 543 798 quae
558 716 747 798 Peerlkampi
770 720 824 780 luit
840 719 998 787 sententia,
1022 734 1146 798 prorsus
1161 735 1178 776 a
1194 716 1265 777 Ver·

116 821 194 900 gilio
217 820 348 883 alienum
372 819 496 882 habeam
519 837 545 878 v.
572 815 632 880 188
656 818 899 900 supplementum

437 925 508 982 lidus
530 911 600 1000 quae
622 925 676 982 tela
699 924 813 1000 gerebat
835 925 952 983 Achates

121 1025 238 1088 dubito.
268 1025 311 1086 [le
334 1043 393 1103 quo
417 1027 475 1086 iam
498 1023 575 1103 apud
600 1023 736 1084 Servium
758 1031 840 1085 reete
863 1025 1026 1102 quaeritur:
1051 1025 1099 1084 ‘et
1118 1021 1268 1103 quomodo

119 1127 161 1190 ab
188 1127 298 1190 Achate
327 1129 379 1204 (sc.
408 1125 578 1206 corripuit),
609 1141 698 1202 quem
721 1124 798 1205 apud
825 1127 925 1205 ignem
955 1131 1131 1205 occupatum
1159 1125 1267 1186 dixitl'

121 1233 160 1308 (v.
185 1227 255 1309 174)
289 1228 382 1290 Solvit
410 1224 627 1308 quodammodo
656 1214 829 1306 ἄπόρημα,
859 1229 910 1308 qui
939 1230 1091 1289 ‘secutum
1122 1245 1187 1288 esse
1215 1246 1270 1308 per

121 1331 274 1392 silentium
298 1338 331 1391 ut
352 1329 568 1409 intelligamus'
591 1327 674 1389 iubet
694 1328 816 1390 ibidem.
853 1333 890 1391 At
912 1331 1007 1391 otiosa
1030 1347 1096 1391 esse
1118 1331 1165 1390 vix
1188 1331 1269 1407 quis·

121 1452 213 1513 quam
242 1431 363 1511 negabit
389 1451 446 1493 nec
474 1430 632 1494 admodum
659 1428 830 1511 probabile,
859 1429 1025 1494 molliorem
1054 1433 1118 1512 ipsa
1142 1429 1267 1502 Venere,

123 1553 202 1614 quae
217 1519 342 1596 Dianam
365 1533 508 1596 simulans
532 1533 664 1594 ‘umeris
686 1531 830 1594 demere
853 1531 981 1596 habilem
1004 1533 1201 1614 suspenderat
1223 1552 1269 1595 ar·

122 1655 192 1698 cum
208 1638 360 1697 venatrix'
384 1632 456 1716 (318
472 1631 539 1714 sep),
561 1636 682 1696 Aenean
704 1653 756 1697 sua
778 1634 836 1696 tela
852 1635 980 1698 Achatae
994 1635 1127 1714 gerenda
1142 1634 1270 1696 dedisse.

122 1740 255 1800 Possunt
269 1739 362 1817 igitur
385 1736 563 1817 interpolata
579 1754 646 1798 esse
662 1735 698 1798 ad
714 1755 740 1797 v.
756 1734 819 1798 312
833 1736 1067 1808 simflitudinem,
1090 1736 1142 1798 ubi
1156 1740 1272 1798 Aeneas

125 1839 289 1921 explorans
310 1839 375 1901 loca
398 1843 477 1901 ‘uno
500 1837 634 1916 graditur
656 1839 813 1900 comitatus
835 1839 973 1901 Achate.’

209 1945 247 2005 At
267 1941 355 2021 plane
378 1940 492 2002 alienus
515 1959 548 2002 ae
577 1959 615 2001 ne
643 1941 742 2019 primo
771 1941 889 2018 quidem
919 1943 1074 2004 conamine
1101 1943 1227 2003 iniectus
1255 1960 1272 2002 a

123 2052 214 2125 poeta
236 2043 352 2104 videtur
374 2063 400 2104 v.
423 2039 496 2114 426,
521 2058 609 2119 quem
637 2044 696 2105 iarn
718 2041 852 2122 lleynius
873 2041 968 2103 deleri
989 2045 1086 2106 iussit.
1139 2043 1212 2106 Nam
1236 2042 1273 2103 de

125 2146 217 2217 colle,
247 2163 335 2223 quem
366 2143 455 2206 modo
483 2145 659 2206 ascenderat
680 2147 809 2214 Aeneas,
839 2141 1007 2224 despiciens
1035 2163 1139 2207 novam
1167 2143 1272 2206 urbem

126 2248 331 2310 aedificiorum
354 2265 427 2309 sanc
450 2248 546 2308 varias
568 2243 663 2308 moles
685 2245 901 2324 hominumque
923 2249 1081 2327 strepitum
1104 2254 1134 2308 et
1156 2245 1273 2309 labores

126 2351 230 2412 mirari
251 2356 385 2430 poterat,
410 2349 462 2410 sed
485 2350 675 2427 magistratus
697 2357 893 2428 sanctumque
916 2359 1049 2412 senatum
1072 2349 1131 2428 legi
1152 2367 1187 2410 ac
1208 2351 1273 2410 iura

127 2451 203 2513 adeo
227 2453 368 2513 constitui
390 2451 540 2530 quomodo
562 2450 683 2512 tandem
699 2450 926 2521 animadvertit,
957 2459 986 2512 et
1013 2470 1066 2512 cur
1093 2450 1201 2513 horum
1228 2452 1273 2511 in·

131 2547 302 2620 stitutorum
335 2553 509 2615 memoriam
543 2555 622 2614 inter
654 2554 787 2633 privatae
818 2552 924 2614 domus
952 2553 987 2633 (v.
1009 2551 1082 2634 425)
1113 2561 1143 2614 et
1169 2561 1276 2633 portus'

132 2657 300 2736 theatrique
324 2655 360 2733 (r.
375 2651 448 2734 427)
472 2653 665 2716 fundamenta
687 2657 873 2735 ineptissime
894 2657 1066 2718 inmiscuit?
1101 2657 1195 2728 Quam
1224 2655 1275 2716 de·

133 2760 225 2836 nique
248 2756 374 2819 ridicule
397 2757 479 2838 Tyrii
501 2767 564 2818 turn
586 2758 774 2838 potissimum
805 2765 834 2818 et
861 2759 939 2819 inter
965 2759 1029 2838 ipsa
1052 2777 1144 2838 opera
1166 2757 1275 2819 tumul·

131 2867 253 2937 tumque
284 2877 444 2939 operarum
467 2865 497 2920 et
518 2860 664 2920 artificum
686 2862 718 2921 in
740 2857 895 2921 condenda
918 2861 1006 2921 etiarn
1029 2861 1159 2931 civitate,
1188 2878 1274 2939 quam

131 2961 245 3024 dudum
269 2962 460 3023 constitutam
475 2962 569 3022 luisse
584 2961 750 3041 oportebat,
774 2963 911 3042 occupati
926 2963 1076 3024 seruntur!
1099 2963 1276 3043 praesertim

131 3083 199 3125 cum
222 3063 311 3143 paulo
333 3070 402 3142 post
423 3081 449 3123 v.
473 3059 535 3124 507
563 3065 666 3142 regina
688 3064 752 3143 ipsa
773 3063 838 3124 iura
860 3063 1000 3142 legesque
1022 3065 1094 3126 viris
1116 3064 1187 3124 dare
1209 3081 1275 3125 nar-

130 3175 224 3227 retur.
270 3164 365 3226 lmmo
386 3163 567 3245 interpolata
595 3163 668 3226 haec
691 3184 756 3227 esse
785 3183 842 3226 nec
863 3165 980 3227 'luccae
1009 3174 1039 3227 et
1060 3167 1140 3227 Varii
1162 3174 1276 3227 textum

136 3268 343 3348 deturpauisse
365 3285 541 3346 persuasum
565 3275 618 3328 est.

214 3370 289 3434 ltem
312 3367 386 3430 alios
408 3387 525 3449 pannos
548 3368 797 3449 interpolatorum
818 3366 910 3430 malui
932 3387 1087 3432 removere
1116 3387 1204 3448 quam
1231 3373 1276 3431 in·

131 3472 257 3551 perlecti
279 3471 425 3551 poematis
446 3489 556 3533 naevos
579 3470 717 3534 tolerare.
756 3471 830 3533 Nam
845 3471 938 3532 rudes
960 3481 989 3533 et
1011 3471 1153 3552 abruptos
1176 3491 1279 3535 versus

130 3571 191 3635 367
221 3591 283 3650 sq„
309 3567 365 3652 ‘qui
393 3572 480 3634 lacile
509 3573 733 3645 desiderantur,
763 3573 856 3635 sciolo
884 3575 998 3636 auctori
1025 3573 1156 3636 reddidit
1176 3574 1277 3636 Peerl-

133 3675 270 3756 kampus.
316 3675 377 3735 Neo
400 3675 594 3737 dubitandum
610 3677 679 3755 quin
704 3683 817 3737 temere
839 3675 962 3738 adsutus
984 3677 1022 3738 sit
1038 3695 1070 3736 n.
1088 3674 1158 3737 711.
1194 3677 1277 3744 Dona

131 3781 211 3839 enim
234 3776 325 3858 paulo
348 3786 415 3838 ante
438 3796 463 3837 u.
489 3774 550 3838 709
572 3786 819 3840 commemorata:
849 3797 903 3839 cur
931 3796 1003 3857 ergo
1024 3779 1200 3859 interposita
1222 3777 1276 3838 luli

130 3897 261 3959 persona
277 3877 353 3939 ,illuc
376 3878 488 3940 eisdem
511 3881 575 3940 l'ere
598 3879 706 3957 quibus
730 3899 754 3941 r.
770 3877 832 3942 649
855 3899 927 3942 usus
949 3889 1014 3942 erat
1036 3879 1133 3942 verbis
1155 3878 1278 3941 redierit

132 3982 240 4061 poeta?
264 3981 323 4040 Sed
347 3982 435 4042 etiarn
458 3984 508 4059 qui
530 3989 674 4044 secuntur
696 3990 759 4043 tres
782 4000 885 4043 versus
901 3979 1078 4052 712-714,
1102 4001 1168 4044 cum
1190 4001 1276 4062 prae·

131 4084 240 4163 cipiunt
271 4100 347 4162 quae
376 4082 526 4162 aliquanto
556 4083 727 4162 diligentius
755 4092 896 4146 exornata
919 4104 963 4145 vv.
987 4081 1155 4147 tle-722
1183 4085 1277 4145 conti·

131 4195 256 4256 nentur,
291 4187 356 4246 sine
389 4184 450 4246 ullo
483 4188 661 4248 narrationis
694 4187 801 4248 damno
836 4189 1027 4249 omittuntur:
1061 4189 1152 4247 immo
1185 4185 1277 4247 multo

131 4291 226 4366 magis
248 4289 382 4366 reginam
405 4286 539 4358 decebat,
562 4287 655 4350 solius
671 4292 766 4369 pueri,
792 4290 944 4369 Cupidinis
959 4290 1110 4359 nimirum,
1135 4291 1277 4351 instinctu

131 4409 222 4471 quam
245 4391 393 4451 ‹lonorum
416 4407 534 4471 quoque
556 4391 778 4471 pulchritudine
794 4400 909 4472 captam
926 4395 1043 4454 Aeneae
1059 4405 1190 4451 amorem
1207 4409 1276 4452 con·

1027 4491 1071 4553 5*
