3038 4912
228 320 289 388 140
670 341 914 386 rnouuuouuuu.
984 303 992 320 ⁶

226 513 330 593 iapyx,
357 510 395 575 ab
422 509 526 572 inieris
548 508 680 571 virbium
709 511 871 582 revocavit,
901 509 1017 572 Probus
1039 510 1260 584 Phoebigenam
1286 509 1365 577 lecit,

225 615 347 676 unicum
370 614 523 692 vestigium
548 612 679 673 eiusdem
702 611 871 674 Menteliaoi
892 615 1038 692 scriptura
1059 615 1280 688 phoenioneom
1303 629 1366 671 ser·

225 719 302 788 vari,
331 735 399 778 cum
422 718 515 777 celeri
537 733 641 776 omues
663 713 700 776 ad
722 716 926 790 Poeuigenum
956 714 1001 775 vel
1028 712 1133 776 similia
1161 712 1275 792 delapsi
1297 715 1366 774 sint.

226 818 285 880 Sed
307 818 364 879 boc
385 816 435 879 ille
458 835 528 877 uum
551 817 581 878 iu
609 835 663 878 suo
690 815 769 878 libro
797 816 902 896 legerit
930 836 966 878 au
996 819 1167 878 coniectura
1199 815 1368 878 felicissima

226 919 384 982 adsecutus
406 921 444 980 sit
464 920 621 980 nescimus.
1099 987 1103 996 ¹
1386 979 1390 992 ,

311 1021 461 1083 Traditum
498 1022 671 1081 memoriam
699 1020 814 1083 duobus
846 1024 934 1084 etiam
963 1021 1105 1101 exemplis
1133 1021 1249 1082 videtur
1277 1023 1368 1082 tuitus

227 1143 308 1196 esse,
339 1126 379 1185 ita
412 1122 533 1204 quidem
562 1131 595 1184 ut
622 1122 710 1202 paulo
742 1124 958 1186 reconditiores
991 1125 1159 1186 locutiones
1192 1124 1371 1204 comparatis

225 1225 371 1288 similibus
401 1224 473 1286 locis
501 1225 674 1286 illustraret
729 1227 802 1289 Nam
836 1234 865 1288 et
893 1226 965 1288 Aen.
993 1227 1018 1288 x
1045 1221 1109 1289 303
1142 1229 1215 1288 audi
1245 1227 1371 1300 dorso*)

226 1326 332 1390 collato
359 1345 405 1407 ge.
436 1323 561 1389 111436
590 1325 696 1388 ‘dorso
725 1331 873 1390 nemoris'
902 1338 931 1392 ot
958 1332 1029 1393 Aen.
1062 1330 1074 1390 l
1101 1325 1163 1390 441
1192 1331 1371 1392 laetissimus

225 1417 349 1492 umbrae
376 1435 555 1492 structuram
585 1427 716 1491 Sallustii
744 1429 811 1493 hist
843 1431 868 1493 ll
898 1428 994 1494 91n.
1023 1429 1200 1493 auctoritate
1230 1428 1369 1497 defendit,

226 1550 354 1611 cumque
390 1531 469 1592 idem
507 1530 674 1610 exemplum
710 1531 746 1592 ad
783 1533 822 1594 Xl
850 1531 913 1597 338
948 1532 1048 1595 laudet
1079 1532 1198 1594 Servius
1229 1529 1367 1599 Danielis,
1428 1543 1430 1546 ·

225 1635 350 1695 sortasse
384 1632 432 1694 bic
465 1652 584 1714 quoque
615 1633 732 1696 Probus
765 1637 828 1716 ipse
861 1634 1012 1716 duplicem
1044 1636 1214 1715 genetivum
1251 1633 1370 1711 ‘largus
1466 1713 1467 1716 Ἴ

226 1754 318 1815 opum
339 1744 369 1798 et
390 1739 514 1812 linguae
528 1736 650 1798 melior’
674 1735 797 1815 legerat.
834 1739 879 1800 lit
900 1745 1015 1800 restant
1036 1738 1142 1800 harum
1165 1735 1285 1816 quidem
1307 1733 1368 1795 lec·

226 1839 340 1910 tionum
363 1839 450 1900 etiam
474 1839 503 1899 iu
528 1840 639 1900 uostris
661 1837 747 1901 libris
773 1840 896 1902 iudicia:
927 1841 1014 1903 vuol
1044 1842 1122 1901 enim
1150 1840 1251 1919 priore
1279 1855 1370 1898 manu

226 1940 256 2000 in
279 1941 309 2000 P
326 1947 478 2001 exaratum
501 1950 579 2010 erat,
611 1943 810 2021 suprascripta
839 1942 1001 2004 demumS
1031 1949 1201 2004 ceterorum
1234 1939 1370 2002 codicum

226 2041 332 2103 vauls
356 2042 507 2111 ellectum:
532 2044 604 2103 item
619 2042 773 2106 uuonan
795 2062 884 2106 manu
907 2046 1007 2125 priore
1028 2046 1060 2104 in
1083 2047 1118 2115 F,
1142 2042 1194 2104 ubi
1218 2059 1302 2104 erasa
1326 2040 1369 2102 ul·

225 2146 297 2205 tima
324 2142 422 2206 littera
452 2144 531 2222 quod
560 2144 646 2222 vulgo
676 2146 804 2210 traditur
826 2147 956 2208 bunna
985 2146 1120 2208 relictum
1151 2153 1211 2214 ost;
1242 2144 1371 2222 denique
1456 2177 1459 2186 ·

225 2244 388 2307 Llnovlu
409 2248 481 2307 item
502 2249 603 2325 priore
626 2264 718 2308 manu
739 2249 771 2309 in
794 2250 822 2308 P
840 2254 928 2317 extat,
959 2248 1038 2326 quod
1061 2248 1197 2327 perfossa
1219 2246 1243 2306 E
1272 2245 1370 2306 littera

226 2355 379 2409 corrector
401 2349 431 2408 in
448 2348 601 2419 LINGVA,
624 2349 702 2426 quod
725 2351 756 2410 in
779 2349 903 2428 reliquis
926 2357 983 2420 est,
1006 2337 1138 2412 mutalit.

296 2450 432 2512 Tertium
444 2450 490 2511 vel
502 2458 639 2531 quartum
652 2451 820 2532 exemplum
835 2459 968 2513 servatae
979 2453 1092 2531 antiqui
1103 2450 1171 2512 libri
1182 2450 1250 2512 lidei
1262 2449 1368 2519 babeo,

226 2552 304 2633 quod
317 2556 389 2614 Aen.
402 2551 442 2612 Xl
454 2548 518 2614 830
529 2551 645 2614 Probus
657 2571 745 2614 arma
764 2557 902 2631 relinquo
908 2561 941 2614 nt
951 2553 1103 2633 probavit,
1123 2554 1201 2632 quod
1216 2572 1303 2615 nemo
1316 2555 1373 2613 erit

226 2656 276 2734 qui
298 2655 468 2716 coniectura
495 2673 531 2715 ex
553 2653 700 2716 facillimis
725 2654 878 2717 intellectu
906 2656 952 2718 vel
978 2660 1152 2734 relinquens
1178 2654 1223 2716 vel
1249 2659 1371 2732 reliquit

225 2757 381 2835 scripturis
403 2756 512 2817 iactum
535 2755 703 2817 contendat.
735 2758 807 2820 Cum
824 2766 922 2821 autem
938 2758 1044 2821 barum
1060 2757 1226 2820 litterarum
1243 2777 1318 2839 quae
1340 2759 1370 2817 in

481 2855 498 2891 lt

227 2911 375 2970 Portant
398 2907 610 2981 RELIQVENS
633 2909 734 2972 ultima
757 2913 788 2972 in
810 2911 898 2974 litura
922 2932 986 2975 esse
1010 2912 1081 2972 mibi
1105 2914 1164 2972 risa
1186 2913 1238 2981 sit,
1268 2911 1368 2971 nescio

227 3029 263 3072 an
286 3010 335 3071 bic
357 3027 475 3090 qrroque
498 2993 596 3072 tenue¹
611 3011 714 3073 saltem
744 3033 832 3075 verae
862 3017 1024 3077 memoriae
1054 3015 1195 3075 Indicium
1218 3010 1370 3074 Palatinus

229 3113 381 3194 praebeat.
424 3114 519 3193 Atque
534 3114 564 3173 in
581 3112 684 3174 eodem
707 3114 783 3176 libro
807 3117 895 3177 etiam
911 3115 986 3178 alius
1003 3119 1139 3195 egregiae
1156 3113 1370 3176 emendationis

227 3217 394 3292 insignibus
416 3215 501 3284 albis,
526 3232 602 3293 quae
624 3217 808 3279 sacerdotem
830 3222 902 3280 Aen.
926 3219 950 3279 X
973 3215 1037 3280 539
1059 3217 1167 3278 decere
1191 3218 1283 3277 sensit
1299 3216 1370 3277 Pro·

229 3316 294 3388 bus,
318 3319 382 3396 ipsa
406 3317 527 3396 vestigia
549 3316 643 3378 latere
665 3321 794 3388 conieci,
824 3338 892 3381 oum
914 3337 1005 3406 manu
1027 3319 1118 3380 altera
1143 3317 1261 3379 demum
1291 3324 1370 3378 cete-

227 3436 330 3480 rorum
353 3417 488 3479 codicum
511 3418 626 3480 ARMIS
653 3421 684 3480 in
708 3421 736 3480 P
761 3439 880 3501 quoque
909 3421 1033 3483 inlatum
1063 3421 1115 3488 sit,
1145 3419 1214 3481 olim
1244 3439 1313 3481 vero
1340 3422 1371 3479 in

227 3519 296 3581 lllll
318 3516 483 3582 litterarum
506 3518 571 3580 loco
590 3518 663 3582 aliae
692 3531 754 3582 tres
776 3523 895 3584 luerint.
948 3524 1022 3584 ltem
1046 3522 1136 3584 Probi
1165 3523 1371 3583 auctoritatem

228 3623 311 3700 prior
332 3620 456 3683 Palatini
479 3641 585 3683 manus
607 3622 700 3684 reiort
720 3625 793 3684 Aen.
817 3623 881 3687 Vlll
902 3621 981 3695 406,
1013 3624 1062 3685 ubi
1092 3624 1199 3702 legitur
1221 3623 1298 3703 quod
1322 3623 1371 3685 ille

226 3721 371 3803 ‘propter
393 3743 514 3785 sensum
532 3717 770 3806 ,κακέμφατον
801 3727 915 3788 scilicet
945 3746 1035 3788 ausus
1057 3735 1101 3788 est
1130 3726 1282 3800 ‘infusum
1305 3745 1371 3806 gro-

296 3975 325 4043 *)
343 3979 404 4029 Nou
422 3983 582 4045 putaveram
600 3980 634 4030 de
652 3980 706 4031 bae
717 3980 801 4032 Probi
819 3982 957 4046 scriptura
968 3981 1156 4033 dubitaturum
1175 3995 1236 4030 esse
1249 3979 1280 4032 E.
1293 3979 1371 4030 Hoff-

228 4078 356 4132 mannum
373 4064 401 4113 iu
421 4064 526 4130 ephem.
550 4080 640 4132 gymu.
660 4067 751 4119 Austr.
780 4067 845 4116 1865
866 4082 892 4131 p.
904 4059 975 4130 ¹494,
1004 4068 1048 4117 oui
1067 4066 1094 4115 id
1117 4068 1223 4114 tuntum
1246 4063 1371 4114 docuisse

229 4148 355 4212 Berytius
368 4151 564 4214 grammaticus
582 4150 703 4206 videtur,
722 4151 793 4199 oudr'a
812 4153 840 4200 et
862 4151 939 4202 dorso
957 4153 1042 4218 iniquo
1061 4165 1142 4199 uuum
1161 4148 1287 4212 idemque
1311 4163 1371 4200 esse

228 4232 309 4299 idque
327 4235 416 4299 ipsum
434 4234 584 4300 georgicon
604 4233 728 4299 exemplo
747 4234 866 4299 probari.
903 4235 983 4297 Quod
1001 4236 1125 4286 refutare
1144 4235 1217 4285 serio
1236 4249 1290 4284 uon
1308 4249 1371 4299 pos·
1398 4287 1409 4302 ,

229 4334 297 4371 sum.
333 4317 443 4368 Sufficit
460 4320 578 4370 Gusturi
595 4319 723 4370 Thilouis
741 4320 944 4382 testimonium,
973 4321 1019 4384 qui
1042 4320 1071 4368 iu
1088 4319 1217 4370 Parisino
1236 4321 1315 4382 7929,
1343 4319 1371 4367 in

230 4418 284 4469 quo
302 4402 360 4454 eolo
378 4403 449 4454 haec
467 4404 551 4456 Probi
569 4404 677 4454 notatio
696 4407 781 4469 extat,
800 4404 857 4470 legi
874 4406 1053 4467 obsistendi,
1073 4419 1127 4456 uon
1144 4406 1225 4458 audis.
