3038 4912
242 316 283 381 72
692 336 937 380 raoneuouaua.

240 503 347 586 poetae
365 513 437 577 erat,
456 504 647 567 balbutientis
664 512 694 566 et
712 503 849 584 elinguis,
867 506 1036 586 aposiopesi
1054 508 1156 568 nescio
1173 526 1230 587 qua
1248 506 1386 578 admissa,

241 609 361 671 lectoris
380 608 551 670 divinationi
568 626 628 670 nun
649 625 738 668 unam
757 606 801 667 vel
819 606 962 685 pauculas
979 625 1085 678 voces,
1103 608 1155 670 sed
1175 608 1290 686 integra
1307 611 1388 688 cogi-

242 719 301 773 lata
324 709 488 792 supplenda
511 708 692 787 relinquere.
748 709 811 771 Hoc
840 710 959 791 quidem
989 713 1040 796 qui
1068 710 1125 772 sihi
1146 710 1338 782 indulsisset,
1373 732 1389 774 a

242 812 371 892 Vergilio
395 831 467 874 sane
489 811 604 873 alienus
625 809 782 873 habendus
805 821 892 883 esset,
923 815 1007 875 cuius
1030 815 1087 875 arti
1109 815 1134 874 si
1156 811 1237 874 nulla
1260 812 1315 876 aha
1337 833 1389 876 ra-

243 916 323 976 tione
345 915 404 976 nisi
426 913 583 995 lyticorum
606 913 794 991 quorundam
817 915 848 974 in
864 915 1013 976 Servianis
1028 915 1148 977 scholiis
1171 913 1216 976 vel
1239 917 1386 977 recentio-

243 1036 326 1086 rum,
368 1035 441 1096 quas
474 1017 590 1093 reterre
623 1015 719 1096 piget,
754 1015 978 1079 ariolationibus
1011 1019 1147 1080 succurri
1179 1025 1293 1098 posset,
1329 1035 1390 1080 non

244 1119 412 1180 dubitarem
432 1117 629 1197 Peerlkampo
666 1116 857 1195 adstipulari,
892 1121 944 1198 qui
976 1138 1081 1181 versus
1113 1116 1320 1190 339-343,
1355 1141 1391 1182 ex

243 1219 350 1300 quihus
377 1239 481 1282 versus
508 1215 572 1281 340
600 1219 714 1282 Claudii
742 1219 912 1282 Sacerdotis
939 1222 953 1283 l
982 1219 1058 1294 113,
1088 1240 1192 1284 versus
1221 1218 1283 1284 341
1314 1223 1387 1284 Cha·

242 1325 307 1384 risii
344 1342 373 1403 p.
411 1319 452 1385 79
479 1323 511 1384 P.
550 1322 719 1383 testimonio
754 1323 904 1394 firmatur,
948 1322 1073 1385 alicuius
1108 1327 1262 1404 nugatoris
1298 1343 1390 1405 opera

242 1425 357 1487 additos
380 1443 446 1486 esse
474 1424 611 1486 coniecit.
660 1423 733 1486 Nam
761 1422 876 1502 reliqua
907 1427 972 1486 eins
995 1427 1133 1496 crimina,
1164 1445 1224 1488 non
1253 1427 1391 1489 decuisse

243 1526 470 1589 Andromachen
504 1544 649 1605 quaerere
682 1527 853 1587 viverentne
885 1529 1028 1590 Ascanius
1062 1534 1091 1588 el
1127 1529 1253 1599 Creusa,
1289 1548 1327 1590 ne
1366 1532 1391 1590 si

244 1631 354 1691 mortui
383 1635 484 1690 essent
517 1628 651 1689 dolorem
678 1630 796 1689 Aeneae
829 1631 1001 1699 suscitaret,
1040 1632 1163 1692 nimium
1200 1649 1266 1692 esse
1300 1649 1391 1710 quae-

243 1751 326 1802 rere,
357 1731 462 1811 ecquid
485 1732 516 1792 in
538 1732 687 1808 antiquam
711 1731 849 1792 virtutem
872 1733 1044 1811 animusque
1073 1731 1166 1793 virilis
1189 1751 1314 1812 puerum
1337 1751 1388 1794 en-

244 1835 315 1893 citet
336 1835 453 1894 Aeneae
476 1839 506 1892 el
527 1832 666 1893 llectoris
689 1832 872 1914 exemplum,
898 1833 1009 1896 humile
1032 1853 1097 1896 osse
1120 1833 1254 1896 avunculi
1277 1853 1390 1896 nomeu

244 1953 300 1996 nec
322 1935 472 1996 affinitatis
500 1935 578 1995 inter
599 1939 729 1998 Aeneam
753 1944 782 1996 et
803 1934 962 1997 llecturem
986 1938 1106 2014 vestigia
1130 1936 1186 1998 alia
1208 1939 1238 1998 in
1261 1938 1391 1999 herioldo

245 2043 346 2097 extare
371 2036 559 2117 (quamquam
583 2037 647 2116 ipse
662 2037 693 2098 P.
717 2033 900 2099 x11440in
923 2041 1177 2119 comparationem
1200 2038 1333 2116 vocavit),
1350 2075 1392 2084 -

245 2138 320 2199 haec
334 2137 401 2199 'tarn
425 2137 499 2200 lenia
523 2144 601 2208 sunt,
630 2146 664 2199 ut
686 2140 764 2200 serio
787 2139 980 2212 refutaricix
1003 2142 1129 2221 possint.
1182 2140 1296 2214 Quibus
1320 2161 1394 2204 num·

244 2241 378 2318 graviora
407 2240 593 2318 Hirzelianae
622 2239 759 2301 editionis
787 2243 902 2302 auctori
935 2244 1139 2323 persuaserint
1169 2251 1202 2304 ut
1229 2243 1393 2306 adsentiret

245 2341 440 2422 Peerlkampo
463 2343 572 2403 nescio.
624 2342 656 2404 ld
684 2343 796 2405 sentire
824 2343 897 2405 mihi
921 2344 1036 2416 videor,
1067 2345 1171 2424 longos
1199 2344 1266 2406 illos
1288 2346 1389 2416 lletus,

245 2464 320 2524 iquos
343 2445 423 2505 ciere
445 2427 654 2506 Andromache
678 2443 713 2523 (v.
737 2441 957 2523 etelstanus,
991 2449 1102 2508 rectius
1126 2448 1268 2509 excitatos
1289 2452 1390 2527 putari

246 2547 383 2606 Hectoris
407 2544 564 2607 clarissimi
587 2548 686 2608 mariti
708 2549 867 2618 memoria,
897 2567 952 2628 qua
982 2551 1013 2610 in
1036 2548 1121 2610 libris
1144 2549 1255 2611 claudit
1277 2569 1393 2612 sermo-

246 2666 330 2717 nem,
361 2665 450 2725 quam
474 2648 667 2718 sciscitando,
698 2649 806 2729 quihus
835 2651 932 2711 causis
952 2653 1068 2712 Aeneas
1095 2651 1154 2712 huc
1177 2651 1321 2713 adductus
1344 2655 1392 2714 sit.

329 2752 366 2812 ‚lt
380 2749 472 2812 multu
485 2750 663 2830 prudentius
676 2751 748 2811 vidit
758 2750 980 2832 Peerlkampus,
994 2753 1133 2824 Helenus
1150 2756 1202 2831 qni
1212 2772 1284 2814 suos
1300 2752 1394 2816 laetus

245 2853 428 2932 adgnoscere
451 2860 480 2912 et
503 2853 538 2913 ad
561 2852 663 2914 limina
685 2853 796 2915 ducere
818 2862 956 2916 narratur
980 2875 1005 2915 v.
1027 2851 1100 2925 348,
1124 2874 1178 2918 cur
1200 2855 1393 2918 nihilominus

246 2958 324 3017 inter
347 2954 462 3033 singrda
485 2954 574 3015 verba
598 2954 735 3038 lacrimas
757 2955 882 3017 multum
905 2955 1009 3018 iaudat
1039 2955 1123 3038 (haec
1152 2959 1229 3018 enim
1253 2957 1393 3038 leguntur

245 3060 276 3118 in
300 3075 388 3119 versu
405 3059 550 3134 sequenti,
575 3074 650 3136 quae
666 3076 704 3119 ne
719 3057 822 3120 Latina
845 3058 964 3137 quidem
989 3077 1057 3119 esse
1079 3060 1150 3119 satis
1165 3058 1323 3139 videntur),
1347 3080 1393 3121 sa·

155 3196 162 3214 ·
247 3179 315 3221 nam
338 3178 457 3221 causam
480 3159 590 3221 nullam
612 3177 702 3239 posse
718 3162 888 3240 excogitari.
936 3161 1018 3222 hddu
1035 3179 1072 3222 ne
1088 3159 1247 3222 verborum
1271 3161 1408 3241 quidem'

247 3261 592 3332 contmemorandorum,
636 3281 710 3342 quae
743 3262 823 3324 nulla
855 3264 1064 3343 proferuntur,
1103 3263 1240 3324 idoneam
1275 3283 1393 3326 cansam

246 3367 352 3435 luisse,
387 3370 416 3425 et
439 3364 517 3442 quod
540 3384 566 3425 v.
590 3361 654 3426 349
682 3363 791 3443 legitur
825 3365 991 3445 ‘procedo'
1025 3367 1172 3427 artissime
1200 3367 1393 3428 coniunctum

247 3487 314 3529 esse
336 3485 403 3528 oum
426 3464 476 3527 illo
510 3466 626 3529 ‘ducit’
659 3465 738 3547 quod
768 3469 864 3528 estin
887 3464 998 3529 vs347
1022 3476 1171 3538 extremo,
1205 3475 1239 3528 ut
1266 3465 1393 3529 alterum

248 3569 372 3630 verbum
395 3567 522 3629 alterum
545 3569 636 3649 quasi,
653 3570 791 3649 excipere
820 3569 962 3631 videatur.
1013 3569 1115 3650 ltaque
1146 3571 1299 3630 consentio
1327 3589 1394 3632 cum

251 3673 360 3733 Batavo
382 3671 580 3749 sagacissimo,
606 3673 657 3750 qul
679 3670 715 3731 ad
730 3669 969 3734 Andromacham
992 3689 1018 3734 v.
1035 3669 1097 3734 348
1120 3688 1239 3752 quoque
1261 3673 1394 3734 releren-

249 3774 321 3835 dum
345 3791 411 3835 esse
434 3773 576 3844 coniecit,
605 3775 663 3835 nisi
686 3774 765 3852 quod
787 3773 879 3836 nolim
908 3793 976 3835 cum
1000 3773 1104 3835 eodem
1127 3773 1241 3835 tumide
1264 3775 1307 3836 sic
1329 3793 1394 3836 mu·

251 3882 324 3937 tata:
351 3875 523 3954 ‘singultim
547 3884 578 3937 et
597 3875 736 3938 lacrimas
758 3893 783 3938 v.
808 3879 827 3936 i.
850 3897 874 3937 s.
897 3876 938 3935 l.'
962 3875 1072 3937 addere
1096 3877 1152 3946 eis,
1183 3893 1259 3954 quae
1288 3895 1396 3956 perse

249 3978 438 4038 satisfaciunt
459 3975 537 4046 320,
562 3978 614 4038 scd
638 3997 709 4039 usus
730 3977 855 4040 Palatini
880 3979 1028 4058 scriptura
1053 3977 1280 4050 Lacrimans,
1313 3981 1397 4041 cuius

251 4081 339 4142 etiam
355 4082 386 4140 in
402 4079 553 4142 Servianis
568 4079 689 4142 scholiis
704 4081 816 4141 mentio
839 4083 879 4150 nt,
905 4087 934 4141 et
957 4088 1090 4142 correcta
1113 4079 1258 4160 particula
1275 4080 1396 4162 copula·

251 4184 308 4242 tiva
330 4185 396 4243 ‘et’
418 4185 449 4242 in
471 4183 581 4244 ‘hoec'
607 4184 735 4262 (saepius
750 4192 849 4244 autem
865 4183 939 4244 haec
954 4184 1078 4244 coniusa
1094 4181 1237 4262 reperies)
1255 4185 1296 4244 sic
1312 4185 1398 4245 resti·

250 4292 346 4346 tutum
369 4283 548 4346 versiculum

416 4391 484 4447 haec
506 4390 620 4447 multum
643 4389 785 4448 lacrimans
810 4391 887 4448 rerba
911 4391 983 4448 inter
1004 4389 1112 4464 singula
1136 4390 1225 4448 iuudit
