<?xml version="1.0" encoding="UTF-8"?>
<!DOCTYPE html PUBLIC "-//W3C//DTD XHTML 1.0 Transitional//EN"
    "http://www.w3.org/TR/xhtml1/DTD/xhtml1-transitional.dtd">
<html xmlns="http://www.w3.org/1999/xhtml" xml:lang="en" lang="en">
 <head>
  <title>
</title>
<meta http-equiv="Content-Type" content="text/html;charset=utf-8" />
  <meta name='ocr-system' content='tesseract 3.04.00' />
  <meta name='ocr-capabilities' content='ocr_page ocr_carea ocr_par ocr_line ocrx_word'/>
</head>
<body>
  <div class='ocr_page' id='page_1' title='image "./pvergilimaronis01ribbgoog/pvergilimaronis01ribbgoog_0073.png"; bbox 0 0 2962 4904; ppageno 0'>
   <div class='ocr_carea' id='block_1_1' title="bbox 247 339 938 404">
    <p class='ocr_par' dir='ltr' id='par_1_1' title="bbox 247 339 938 404">
     <span class='ocr_line' id='line_1_1' title="bbox 247 339 938 404; baseline 0 -2"><span class='ocrx_word' id='word_1_1' title='bbox 247 339 289 402; x_wconf 83' lang='lat'>36</span> <span class='ocrx_word' id='word_1_2' title='bbox 696 359 938 404; x_wconf 79' lang='lat' dir='ltr'>enoneeouens.</span> 
     </span>
    </p>
   </div>
   <div class='ocr_carea' id='block_1_2' title="bbox 135 509 1398 606">
    <p class='ocr_par' dir='ltr' id='par_1_2' title="bbox 135 509 1398 606">
     <span class='ocr_line' id='line_1_2' title="bbox 135 509 1398 606; baseline 0.002 -22"><span class='ocrx_word' id='word_1_3' title='bbox 135 509 141 516; x_wconf 50' lang='lat'>⁵</span> <span class='ocrx_word' id='word_1_4' title='bbox 248 525 402 604; x_wconf 89' lang='lat' dir='ltr'>diripiunt,</span> <span class='ocrx_word' id='word_1_5' title='bbox 428 534 458 588; x_wconf 91' lang='lat' dir='ltr'>at</span> <span class='ocrx_word' id='word_1_6' title='bbox 479 526 592 589; x_wconf 89' lang='lat' dir='ltr'>salvum</span> <span class='ocrx_word' id='word_1_7' title='bbox 615 536 648 589; x_wconf 90' lang='lat' dir='ltr'>ut</span> <span class='ocrx_word' id='word_1_8' title='bbox 670 537 700 588; x_wconf 90' lang='lat' dir='ltr'>et</span> <span class='ocrx_word' id='word_1_9' title='bbox 721 526 884 589; x_wconf 79' lang='lat' dir='ltr'>defendant</span> <span class='ocrx_word' id='word_1_10' title='bbox 905 525 985 587; x_wconf 91' lang='lat' dir='ltr'>bello</span> <span class='ocrx_word' id='word_1_11' title='bbox 1008 535 1039 587; x_wconf 91' lang='lat' dir='ltr'>et</span> <span class='ocrx_word' id='word_1_12' title='bbox 1053 525 1161 606; x_wconf 89' lang='lat' dir='ltr'>opibus</span> <span class='ocrx_word' id='word_1_13' title='bbox 1177 533 1306 604; x_wconf 79' lang='lat' dir='ltr'><strong>augeant</strong></span> <span class='ocrx_word' id='word_1_14' title='bbox 1323 528 1398 588; x_wconf 83' lang='lat' dir='ltr'>uitae</span> 
     </span>
    </p>
   </div>
   <div class='ocr_carea' id='block_1_3' title="bbox 201 626 1476 4477">
    <p class='ocr_par' dir='ltr' id='par_1_3' title="bbox 246 626 1398 911">
     <span class='ocr_line' id='line_1_3' title="bbox 246 626 1397 710; baseline 0.001 -22"><span class='ocrx_word' id='word_1_15' title='bbox 246 629 305 708; x_wconf 91' lang='lat' dir='ltr'>ipsi</span> <span class='ocrx_word' id='word_1_16' title='bbox 327 630 449 690; x_wconf 90' lang='lat' dir='ltr'>minime</span> <span class='ocrx_word' id='word_1_17' title='bbox 471 631 625 710; x_wconf 87' lang='lat' dir='ltr'>pareunt’</span> <span class='ocrx_word' id='word_1_18' title='bbox 675 629 757 701; x_wconf 79' lang='lat' dir='ltr'>Quae</span> <span class='ocrx_word' id='word_1_19' title='bbox 785 627 993 691; x_wconf 87' lang='lat' dir='ltr'>concludenda</span> <span class='ocrx_word' id='word_1_20' title='bbox 1021 635 1106 690; x_wconf 90' lang='lat' dir='ltr'>erant</span> <span class='ocrx_word' id='word_1_21' title='bbox 1135 626 1215 689; x_wconf 88' lang='lat' dir='ltr'>velut</span> <span class='ocrx_word' id='word_1_22' title='bbox 1242 627 1298 690; x_wconf 89' lang='lat' dir='ltr'>bae</span> <span class='ocrx_word' id='word_1_23' title='bbox 1328 646 1397 689; x_wconf 87' lang='lat' dir='ltr'>seo·</span> 
     </span>
     <span class='ocr_line' id='line_1_4' title="bbox 247 725 1398 808; baseline -0.001 -16"><span class='ocrx_word' id='word_1_24' title='bbox 247 732 355 792; x_wconf 87' lang='lat' dir='ltr'>tentia:</span> <span class='ocrx_word' id='word_1_25' title='bbox 390 733 507 793; x_wconf 74' lang='lat' dir='ltr'>‘tantus</span> <span class='ocrx_word' id='word_1_26' title='bbox 537 749 622 806; x_wconf 81' lang='lat' dir='ltr'>anaor</span> <span class='ocrx_word' id='word_1_27' title='bbox 654 749 756 794; x_wconf 91' lang='lat' dir='ltr'>rerum</span> <span class='ocrx_word' id='word_1_28' title='bbox 785 739 815 792; x_wconf 90' lang='lat' dir='ltr'>et</span> <span class='ocrx_word' id='word_1_29' title='bbox 841 725 961 792; x_wconf 82' lang='lat' dir='ltr'>ditandi</span> <span class='ocrx_word' id='word_1_30' title='bbox 981 729 1075 808; x_wconf 84' lang='lat' dir='ltr'>gloria</span> <span class='ocrx_word' id='word_1_31' title='bbox 1109 731 1225 808; x_wconf 73' lang='lat' dir='ltr'>regis&#39;,</span> <span class='ocrx_word' id='word_1_32' title='bbox 1266 748 1325 792; x_wconf 92' lang='lat' dir='ltr'>non</span> <span class='ocrx_word' id='word_1_33' title='bbox 1363 748 1398 791; x_wconf 90' lang='lat' dir='ltr'>ea</span> 
     </span>
     <span class='ocr_line' id='line_1_5' title="bbox 249 829 653 911; baseline 0.002 -18"><span class='ocrx_word' id='word_1_34' title='bbox 249 847 338 910; x_wconf 89' lang='lat' dir='ltr'>quam</span> <span class='ocrx_word' id='word_1_35' title='bbox 367 852 394 896; x_wconf 85' lang='lat' dir='ltr'>a.</span> <span class='ocrx_word' id='word_1_36' title='bbox 424 829 488 895; x_wconf 84' lang='lat'>205</span> <span class='ocrx_word' id='word_1_37' title='bbox 515 833 653 911; x_wconf 86' lang='lat' dir='ltr'>legimus.</span> 
     </span>
    </p>

    <p class='ocr_par' dir='ltr' id='par_1_4' title="bbox 246 933 1400 1932">
     <span class='ocr_line' id='line_1_6' title="bbox 333 933 1399 1014; baseline 0 -18"><span class='ocrx_word' id='word_1_38' title='bbox 333 934 427 996; x_wconf 89' lang='lat' dir='ltr'>lllulto</span> <span class='ocrx_word' id='word_1_39' title='bbox 443 934 563 1014; x_wconf 92' lang='lat' dir='ltr'>quidem</span> <span class='ocrx_word' id='word_1_40' title='bbox 580 936 678 1014; x_wconf 87' lang='lat' dir='ltr'>aptius</span> <span class='ocrx_word' id='word_1_41' title='bbox 693 934 724 995; x_wconf 93' lang='lat' dir='ltr'>bi</span> <span class='ocrx_word' id='word_1_42' title='bbox 737 943 799 996; x_wconf 92' lang='lat' dir='ltr'>tres</span> <span class='ocrx_word' id='word_1_43' title='bbox 814 953 918 996; x_wconf 84' lang='lat' dir='ltr'>versus</span> <span class='ocrx_word' id='word_1_44' title='bbox 933 935 964 995; x_wconf 95' lang='lat' dir='ltr'>in</span> <span class='ocrx_word' id='word_1_45' title='bbox 981 943 1115 996; x_wconf 82' lang='lat' dir='ltr'>extremo</span> <span class='ocrx_word' id='word_1_46' title='bbox 1132 933 1231 1013; x_wconf 91' lang='lat' dir='ltr'>aliquo</span> <span class='ocrx_word' id='word_1_47' title='bbox 1243 933 1281 995; x_wconf 89' lang='lat' dir='ltr'>de</span> <span class='ocrx_word' id='word_1_48' title='bbox 1293 935 1399 996; x_wconf 90' lang='lat' dir='ltr'>mortis</span> 
     </span>
     <span class='ocr_line' id='line_1_7' title="bbox 248 1035 1398 1117; baseline 0.001 -22"><span class='ocrx_word' id='word_1_49' title='bbox 248 1037 359 1106; x_wconf 87' lang='lat' dir='ltr'>causis,</span> <span class='ocrx_word' id='word_1_50' title='bbox 389 1036 499 1117; x_wconf 92' lang='lat' dir='ltr'>quibus</span> <span class='ocrx_word' id='word_1_51' title='bbox 527 1055 599 1116; x_wconf 91' lang='lat' dir='ltr'>apes</span> <span class='ocrx_word' id='word_1_52' title='bbox 622 1036 774 1098; x_wconf 87' lang='lat' dir='ltr'>subiectae</span> <span class='ocrx_word' id='word_1_53' title='bbox 796 1038 865 1106; x_wconf 87' lang='lat' dir='ltr'>sint,</span> <span class='ocrx_word' id='word_1_54' title='bbox 897 1038 992 1116; x_wconf 92' lang='lat' dir='ltr'>capite</span> <span class='ocrx_word' id='word_1_55' title='bbox 1015 1035 1218 1116; x_wconf 89' lang='lat' dir='ltr'>ponebantur:</span> <span class='ocrx_word' id='word_1_56' title='bbox 1252 1037 1294 1098; x_wconf 89' lang='lat' dir='ltr'>ita</span> <span class='ocrx_word' id='word_1_57' title='bbox 1316 1046 1398 1097; x_wconf 90' lang='lat' dir='ltr'>certe</span> 
     </span>
     <span class='ocr_line' id='line_1_8' title="bbox 247 1135 1399 1218; baseline 0.002 -22"><span class='ocrx_word' id='word_1_58' title='bbox 247 1141 330 1199; x_wconf 84' lang='lat' dir='ltr'>altro</span> <span class='ocrx_word' id='word_1_59' title='bbox 351 1135 423 1198; x_wconf 91' lang='lat' dir='ltr'>illud</span> <span class='ocrx_word' id='word_1_60' title='bbox 446 1138 602 1199; x_wconf 91' lang='lat' dir='ltr'>commode</span> <span class='ocrx_word' id='word_1_61' title='bbox 626 1138 790 1218; x_wconf 82' lang='lat' dir='ltr'><strong>explicetur</strong></span> <span class='ocrx_word' id='word_1_62' title='bbox 804 1147 893 1217; x_wconf 91' lang='lat' dir='ltr'>atque</span> <span class='ocrx_word' id='word_1_63' title='bbox 910 1139 999 1199; x_wconf 87' lang='lat' dir='ltr'>etiam</span> <span class='ocrx_word' id='word_1_64' title='bbox 1022 1137 1096 1198; x_wconf 71' lang='lat' dir='ltr'>‘sub</span> <span class='ocrx_word' id='word_1_65' title='bbox 1112 1138 1210 1200; x_wconf 86' lang='lat' dir='ltr'>lasce’</span> <span class='ocrx_word' id='word_1_66' title='bbox 1234 1139 1399 1200; x_wconf 89' lang='lat' dir='ltr'>morientes</span> 
     </span>
     <span class='ocr_line' id='line_1_9' title="bbox 248 1239 1398 1318; baseline 0 -18"><span class='ocrx_word' id='word_1_67' title='bbox 248 1241 320 1300; x_wconf 90' lang='lat' dir='ltr'>satis</span> <span class='ocrx_word' id='word_1_68' title='bbox 342 1239 441 1318; x_wconf 81' lang='lat' dir='ltr'>ample</span> <span class='ocrx_word' id='word_1_69' title='bbox 464 1240 675 1301; x_wconf 79' lang='lat' dir='ltr'>detunctorum</span> <span class='ocrx_word' id='word_1_70' title='bbox 698 1242 728 1301; x_wconf 92' lang='lat' dir='ltr'>in</span> <span class='ocrx_word' id='word_1_71' title='bbox 750 1247 829 1300; x_wconf 89' lang='lat' dir='ltr'>tecto</span> <span class='ocrx_word' id='word_1_72' title='bbox 851 1257 957 1318; x_wconf 79' lang='lat' dir='ltr'>agmen</span> <span class='ocrx_word' id='word_1_73' title='bbox 980 1239 1127 1301; x_wconf 79' lang='lat' dir='ltr'>claudant.</span> <span class='ocrx_word' id='word_1_74' title='bbox 1158 1239 1216 1300; x_wconf 85' lang='lat' dir='ltr'>Sed</span> <span class='ocrx_word' id='word_1_75' title='bbox 1232 1239 1269 1301; x_wconf 91' lang='lat' dir='ltr'>de</span> <span class='ocrx_word' id='word_1_76' title='bbox 1284 1239 1398 1302; x_wconf 78' lang='lat' dir='ltr'>morbis</span> 
     </span>
     <span class='ocr_line' id='line_1_10' title="bbox 247 1338 1397 1420; baseline -0.001 -19"><span class='ocrx_word' id='word_1_77' title='bbox 247 1359 351 1402; x_wconf 91' lang='lat' dir='ltr'>earum</span> <span class='ocrx_word' id='word_1_78' title='bbox 376 1340 516 1403; x_wconf 87' lang='lat' dir='ltr'>versibus</span> <span class='ocrx_word' id='word_1_79' title='bbox 531 1338 703 1404; x_wconf 82' lang='grc'>251-280</span> <span class='ocrx_word' id='word_1_80' title='bbox 717 1341 756 1403; x_wconf 91' lang='lat' dir='ltr'>ita</span> <span class='ocrx_word' id='word_1_81' title='bbox 771 1341 964 1420; x_wconf 89' lang='lat' dir='ltr'>praecipitur,</span> <span class='ocrx_word' id='word_1_82' title='bbox 988 1347 1022 1401; x_wconf 92' lang='lat' dir='ltr'>ut</span> <span class='ocrx_word' id='word_1_83' title='bbox 1035 1342 1186 1404; x_wconf 89' lang='lat' dir='ltr'>inserendi</span> <span class='ocrx_word' id='word_1_84' title='bbox 1206 1339 1253 1402; x_wconf 87' lang='lat' dir='ltr'>vel</span> <span class='ocrx_word' id='word_1_85' title='bbox 1269 1339 1397 1402; x_wconf 89' lang='lat' dir='ltr'>addendi</span> 
     </span>
     <span class='ocr_line' id='line_1_11' title="bbox 248 1442 1400 1523; baseline -0.001 -20"><span class='ocrx_word' id='word_1_86' title='bbox 248 1442 334 1504; x_wconf 88' lang='lat' dir='ltr'>locus</span> <span class='ocrx_word' id='word_1_87' title='bbox 357 1443 455 1504; x_wconf 92' lang='lat' dir='ltr'>nullus</span> <span class='ocrx_word' id='word_1_88' title='bbox 476 1451 585 1523; x_wconf 88' lang='lat' dir='ltr'>pateat.</span> <span class='ocrx_word' id='word_1_89' title='bbox 616 1443 713 1505; x_wconf 85' lang='lat' dir='ltr'>Erunt</span> <span class='ocrx_word' id='word_1_90' title='bbox 733 1445 824 1522; x_wconf 81' lang='lat' dir='ltr'>igitur</span> <span class='ocrx_word' id='word_1_91' title='bbox 846 1443 972 1504; x_wconf 83' lang='lat' dir='ltr'>tortasse</span> <span class='ocrx_word' id='word_1_92' title='bbox 995 1445 1046 1522; x_wconf 92' lang='lat' dir='ltr'>qui</span> <span class='ocrx_word' id='word_1_93' title='bbox 1068 1453 1101 1505; x_wconf 89' lang='lat' dir='ltr'>ut</span> <span class='ocrx_word' id='word_1_94' title='bbox 1122 1461 1220 1522; x_wconf 82' lang='lat' dir='ltr'>nuper</span> <span class='ocrx_word' id='word_1_95' title='bbox 1236 1442 1400 1504; x_wconf 79' lang='lat' dir='ltr'>hadericus</span> 
     </span>
     <span class='ocr_line' id='line_1_12' title="bbox 248 1541 1400 1626; baseline 0.002 -22"><span class='ocrx_word' id='word_1_96' title='bbox 248 1544 390 1622; x_wconf 79' lang='lat' dir='ltr'>Wagneri</span> <span class='ocrx_word' id='word_1_97' title='bbox 412 1547 616 1608; x_wconf 89' lang='lat' dir='ltr'>coniecturam</span> <span class='ocrx_word' id='word_1_98' title='bbox 632 1544 762 1626; x_wconf 91' lang='lat' dir='ltr'>probare</span> <span class='ocrx_word' id='word_1_99' title='bbox 778 1544 881 1606; x_wconf 77' lang='lat' dir='ltr'>malint</span> <span class='ocrx_word' id='word_1_100' title='bbox 894 1546 925 1606; x_wconf 88' lang='lat' dir='ltr'>iu</span> <span class='ocrx_word' id='word_1_101' title='bbox 940 1543 1086 1623; x_wconf 82' lang='lat' dir='ltr'>Philologi</span> <span class='ocrx_word' id='word_1_102' title='bbox 1100 1544 1244 1626; x_wconf 85' lang='lat' dir='ltr'>supplem.</span> <span class='ocrx_word' id='word_1_103' title='bbox 1261 1544 1274 1604; x_wconf 94' lang='lat' dir='ltr'>l</span> <span class='ocrx_word' id='word_1_104' title='bbox 1289 1563 1318 1624; x_wconf 94' lang='lat' dir='ltr'>p.</span> <span class='ocrx_word' id='word_1_105' title='bbox 1335 1541 1400 1606; x_wconf 74' lang='lat'>375</span> 
     </span>
     <span class='ocr_line' id='line_1_13' title="bbox 248 1643 1399 1728; baseline -0.002 -21"><span class='ocrx_word' id='word_1_106' title='bbox 248 1646 403 1724; x_wconf 82' lang='lat' dir='ltr'>prolatam,</span> <span class='ocrx_word' id='word_1_107' title='bbox 427 1666 485 1727; x_wconf 89' lang='lat' dir='ltr'>qua</span> <span class='ocrx_word' id='word_1_108' title='bbox 508 1657 576 1728; x_wconf 89' lang='lat' dir='ltr'>post</span> <span class='ocrx_word' id='word_1_109' title='bbox 590 1667 616 1708; x_wconf 86' lang='lat' dir='ltr'>v.</span> <span class='ocrx_word' id='word_1_110' title='bbox 636 1643 696 1709; x_wconf 85' lang='lat'>183</span> <span class='ocrx_word' id='word_1_111' title='bbox 720 1665 823 1708; x_wconf 90' lang='lat' dir='ltr'>versus</span> <span class='ocrx_word' id='word_1_112' title='bbox 846 1648 939 1708; x_wconf 90' lang='lat' dir='ltr'>nostri</span> <span class='ocrx_word' id='word_1_113' title='bbox 962 1646 1102 1709; x_wconf 92' lang='lat' dir='ltr'>collocari</span> <span class='ocrx_word' id='word_1_114' title='bbox 1118 1646 1275 1709; x_wconf 90' lang='lat' dir='ltr'>iubentur:</span> <span class='ocrx_word' id='word_1_115' title='bbox 1300 1664 1399 1726; x_wconf 90' lang='lat' dir='ltr'>neque</span> 
     </span>
     <span class='ocr_line' id='line_1_14' title="bbox 248 1745 1397 1829; baseline 0 -21"><span class='ocrx_word' id='word_1_116' title='bbox 248 1751 328 1808; x_wconf 91' lang='lat' dir='ltr'>enim</span> <span class='ocrx_word' id='word_1_117' title='bbox 361 1748 548 1810; x_wconf 82' lang='lat' dir='ltr'>incommode</span> <span class='ocrx_word' id='word_1_118' title='bbox 576 1748 618 1810; x_wconf 91' lang='lat' dir='ltr'>ibi</span> <span class='ocrx_word' id='word_1_119' title='bbox 651 1747 804 1827; x_wconf 79' lang='lat' dir='ltr'>leguntur,</span> <span class='ocrx_word' id='word_1_120' title='bbox 839 1767 1017 1828; x_wconf 90' lang='lat' dir='ltr'>quamquam</span> <span class='ocrx_word' id='word_1_121' title='bbox 1046 1767 1085 1810; x_wconf 91' lang='lat' dir='ltr'>ne</span> <span class='ocrx_word' id='word_1_122' title='bbox 1107 1751 1149 1810; x_wconf 89' lang='lat' dir='ltr'>sie</span> <span class='ocrx_word' id='word_1_123' title='bbox 1176 1747 1297 1829; x_wconf 90' lang='lat' dir='ltr'>quidem</span> <span class='ocrx_word' id='word_1_124' title='bbox 1324 1745 1397 1808; x_wconf 93' lang='lat' dir='ltr'>illud</span> 
     </span>
     <span class='ocr_line' id='line_1_15' title="bbox 246 1849 1156 1932; baseline 0.002 -22"><span class='ocrx_word' id='word_1_125' title='bbox 246 1853 355 1930; x_wconf 74' lang='lat' dir='ltr'>‘saepe</span> <span class='ocrx_word' id='word_1_126' title='bbox 377 1852 483 1912; x_wconf 89' lang='lat' dir='ltr'>etiam&#39;</span> <span class='ocrx_word' id='word_1_127' title='bbox 507 1849 598 1912; x_wconf 90' lang='lat' dir='ltr'>babet</span> <span class='ocrx_word' id='word_1_128' title='bbox 619 1850 747 1912; x_wconf 82' lang='lat' dir='ltr'>alterum</span> <span class='ocrx_word' id='word_1_129' title='bbox 770 1852 893 1931; x_wconf 75' lang='lat' dir='ltr'>‘saepe‘</span> <span class='ocrx_word' id='word_1_130' title='bbox 917 1870 976 1932; x_wconf 91' lang='lat' dir='ltr'>quo</span> <span class='ocrx_word' id='word_1_131' title='bbox 999 1849 1156 1913; x_wconf 78' lang='lat' dir='ltr'>referatur.</span> 
     </span>
    </p>

    <p class='ocr_par' dir='ltr' id='par_1_5' title="bbox 236 1951 1476 2951">
     <span class='ocr_line' id='line_1_16' title="bbox 337 1951 1399 2033; baseline 0 -21"><span class='ocrx_word' id='word_1_132' title='bbox 337 1953 442 2014; x_wconf 83' lang='lat' dir='ltr'>Paucis</span> <span class='ocrx_word' id='word_1_133' title='bbox 465 1951 573 2013; x_wconf 89' lang='lat' dir='ltr'>deinde</span> <span class='ocrx_word' id='word_1_134' title='bbox 596 1951 633 2014; x_wconf 92' lang='lat' dir='ltr'>de</span> <span class='ocrx_word' id='word_1_135' title='bbox 656 1952 753 2014; x_wconf 88' lang='lat' dir='ltr'>divina</span> <span class='ocrx_word' id='word_1_136' title='bbox 777 1970 865 2032; x_wconf 90' lang='lat' dir='ltr'>apum</span> <span class='ocrx_word' id='word_1_137' title='bbox 894 1955 1009 2032; x_wconf 82' lang='lat' dir='ltr'>origine</span> <span class='ocrx_word' id='word_1_138' title='bbox 1038 1951 1195 2033; x_wconf 88' lang='lat' dir='ltr'>disputatis</span> <span class='ocrx_word' id='word_1_139' title='bbox 1225 1952 1260 2013; x_wconf 86' lang='lat' dir='ltr'>ad</span> <span class='ocrx_word' id='word_1_140' title='bbox 1290 1952 1399 2013; x_wconf 87' lang='lat' dir='ltr'>messis</span> 
     </span>
     <span class='ocr_line' id='line_1_17' title="bbox 252 2053 1398 2135; baseline -0.002 -19"><span class='ocrx_word' id='word_1_141' title='bbox 252 2064 386 2134; x_wconf 93' lang='lat' dir='ltr'>tempora</span> <span class='ocrx_word' id='word_1_142' title='bbox 410 2056 602 2134; x_wconf 88' lang='lat' dir='ltr'>rationesque</span> <span class='ocrx_word' id='word_1_143' title='bbox 625 2053 798 2135; x_wconf 87' lang='lat' dir='ltr'>explicanda</span> <span class='ocrx_word' id='word_1_144' title='bbox 821 2054 1040 2133; x_wconf 80' lang='lat' dir='ltr'>transgreditur</span> <span class='ocrx_word' id='word_1_145' title='bbox 1061 2061 1158 2134; x_wconf 89' lang='lat' dir='ltr'>poeta.</span> <span class='ocrx_word' id='word_1_146' title='bbox 1190 2053 1283 2115; x_wconf 84' lang='lat' dir='ltr'>[locet</span> <span class='ocrx_word' id='word_1_147' title='bbox 1297 2061 1398 2114; x_wconf 89' lang='lat' dir='ltr'>autem</span> 
     </span>
     <span class='ocr_line' id='line_1_18' title="bbox 236 2152 1398 2238; baseline -0.002 -21"><span class='ocrx_word' id='word_1_148' title='bbox 236 2158 392 2236; x_wconf 24' lang='lat' dir='ltr'>(primum,</span> <span class='ocrx_word' id='word_1_149' title='bbox 415 2173 474 2235; x_wconf 93' lang='lat' dir='ltr'>quo</span> <span class='ocrx_word' id='word_1_150' title='bbox 497 2157 621 2218; x_wconf 90' lang='lat' dir='ltr'>artilleio</span> <span class='ocrx_word' id='word_1_151' title='bbox 644 2152 849 2236; x_wconf 67' lang='lat' dir='ltr'>(eae-230),</span> <span class='ocrx_word' id='word_1_152' title='bbox 874 2154 980 2217; x_wconf 89' lang='lat' dir='ltr'>deinde</span> <span class='ocrx_word' id='word_1_153' title='bbox 1002 2159 1087 2238; x_wconf 88' lang='lat' dir='ltr'>quasi</span> <span class='ocrx_word' id='word_1_154' title='bbox 1108 2155 1282 2236; x_wconf 88' lang='lat' dir='ltr'>parenthesi</span> <span class='ocrx_word' id='word_1_155' title='bbox 1303 2157 1398 2216; x_wconf 91' lang='lat' dir='ltr'>inter·</span> 
     </span>
     <span class='ocr_line' id='line_1_19' title="bbox 250 2253 1476 2338; baseline -0.002 -20"><span class='ocrx_word' id='word_1_156' title='bbox 250 2259 347 2336; x_wconf 91' lang='lat' dir='ltr'>posita</span> <span class='ocrx_word' id='word_1_157' title='bbox 370 2256 479 2337; x_wconf 91' lang='lat' dir='ltr'>quibus</span> <span class='ocrx_word' id='word_1_158' title='bbox 501 2260 569 2318; x_wconf 91' lang='lat' dir='ltr'>anni</span> <span class='ocrx_word' id='word_1_159' title='bbox 593 2258 778 2336; x_wconf 86' lang='lat' dir='ltr'>temporibus</span> <span class='ocrx_word' id='word_1_160' title='bbox 796 2255 887 2331; x_wconf 27' lang='lat' dir='ltr'>‘mella</span> <span class='ocrx_word' id='word_1_161' title='bbox 910 2276 946 2318; x_wconf 81' lang='lat' dir='ltr'>ex</span> <span class='ocrx_word' id='word_1_162' title='bbox 969 2259 1040 2319; x_wconf 90' lang='lat' dir='ltr'>lavis</span> <span class='ocrx_word' id='word_1_163' title='bbox 1063 2257 1226 2338; x_wconf 89' lang='lat' dir='ltr'>promenda</span> <span class='ocrx_word' id='word_1_164' title='bbox 1249 2258 1310 2316; x_wconf 88' lang='lat' dir='ltr'>sint</span> <span class='ocrx_word' id='word_1_165' title='bbox 1324 2253 1398 2336; x_wconf 89' lang='grc'>(231</span> <span class='ocrx_word' id='word_1_166' title='bbox 1473 2301 1476 2304; x_wconf 91' lang='grc'>-</span> 
     </span>
     <span class='ocr_line' id='line_1_20' title="bbox 253 2355 1399 2440; baseline 0 -22"><span class='ocrx_word' id='word_1_167' title='bbox 253 2355 391 2438; x_wconf 84' lang='grc'>-235),</span> <span class='ocrx_word' id='word_1_168' title='bbox 421 2367 483 2420; x_wconf 88' lang='lat' dir='ltr'>tum</span> <span class='ocrx_word' id='word_1_169' title='bbox 506 2358 626 2420; x_wconf 90' lang='lat' dir='ltr'>demum</span> <span class='ocrx_word' id='word_1_170' title='bbox 649 2366 878 2428; x_wconf 86' lang='lat' dir='ltr'>commemorat,</span> <span class='ocrx_word' id='word_1_171' title='bbox 907 2367 1015 2440; x_wconf 89' lang='lat' dir='ltr'>quanta</span> <span class='ocrx_word' id='word_1_172' title='bbox 1043 2361 1088 2422; x_wconf 91' lang='lat' dir='ltr'>ira</span> <span class='ocrx_word' id='word_1_173' title='bbox 1112 2361 1213 2438; x_wconf 91' lang='lat' dir='ltr'>copias</span> <span class='ocrx_word' id='word_1_174' title='bbox 1235 2377 1305 2419; x_wconf 89' lang='lat' dir='ltr'>suas</span> <span class='ocrx_word' id='word_1_175' title='bbox 1326 2375 1399 2439; x_wconf 91' lang='lat' dir='ltr'>apes</span> 
     </span>
     <span class='ocr_line' id='line_1_21' title="bbox 252 2457 1398 2541; baseline 0.002 -21"><span class='ocrx_word' id='word_1_176' title='bbox 252 2459 415 2523; x_wconf 79' lang='lat' dir='ltr'>detondant</span> <span class='ocrx_word' id='word_1_177' title='bbox 438 2457 642 2540; x_wconf 83' lang='grc'>(236-238),</span> <span class='ocrx_word' id='word_1_178' title='bbox 671 2462 711 2521; x_wconf 89' lang='lat' dir='ltr'>ita</span> <span class='ocrx_word' id='word_1_179' title='bbox 739 2459 860 2541; x_wconf 88' lang='lat' dir='ltr'>quidem</span> <span class='ocrx_word' id='word_1_180' title='bbox 890 2460 1024 2522; x_wconf 88' lang='lat' dir='ltr'>utnulla</span> <span class='ocrx_word' id='word_1_181' title='bbox 1048 2461 1078 2521; x_wconf 93' lang='lat' dir='ltr'>hi</span> <span class='ocrx_word' id='word_1_182' title='bbox 1101 2468 1164 2523; x_wconf 86' lang='lat' dir='ltr'>tres</span> <span class='ocrx_word' id='word_1_183' title='bbox 1186 2459 1328 2522; x_wconf 85' lang='lat' dir='ltr'>versiculi</span> <span class='ocrx_word' id='word_1_184' title='bbox 1351 2479 1398 2522; x_wconf 90' lang='lat' dir='ltr'>ra·</span> 
     </span>
     <span class='ocr_line' id='line_1_22' title="bbox 252 2561 1399 2643; baseline 0.002 -22"><span class='ocrx_word' id='word_1_185' title='bbox 252 2564 333 2624; x_wconf 89' lang='lat' dir='ltr'>tione</span> <span class='ocrx_word' id='word_1_186' title='bbox 355 2562 400 2623; x_wconf 83' lang='lat' dir='ltr'>vel</span> <span class='ocrx_word' id='word_1_187' title='bbox 423 2582 492 2624; x_wconf 92' lang='lat' dir='ltr'>cum</span> <span class='ocrx_word' id='word_1_188' title='bbox 515 2565 558 2624; x_wconf 90' lang='lat' dir='ltr'>eis</span> <span class='ocrx_word' id='word_1_189' title='bbox 581 2581 656 2643; x_wconf 93' lang='lat' dir='ltr'>quae</span> <span class='ocrx_word' id='word_1_190' title='bbox 680 2561 860 2623; x_wconf 89' lang='lat' dir='ltr'>antecedunt</span> <span class='ocrx_word' id='word_1_191' title='bbox 881 2562 927 2623; x_wconf 86' lang='lat' dir='ltr'>vel</span> <span class='ocrx_word' id='word_1_192' title='bbox 950 2581 1017 2624; x_wconf 90' lang='lat' dir='ltr'>cnm</span> <span class='ocrx_word' id='word_1_193' title='bbox 1033 2562 1227 2641; x_wconf 91' lang='lat' dir='ltr'>sequentibus</span> <span class='ocrx_word' id='word_1_194' title='bbox 1243 2562 1399 2624; x_wconf 83' lang='lat' dir='ltr'>videantur</span> 
     </span>
     <span class='ocr_line' id='line_1_23' title="bbox 251 2657 1398 2745; baseline 0 -21"><span class='ocrx_word' id='word_1_195' title='bbox 251 2666 409 2726; x_wconf 85' lang='lat' dir='ltr'>coniuncta</span> <span class='ocrx_word' id='word_1_196' title='bbox 433 2657 507 2726; x_wconf 76' lang='lat' dir='ltr'>ess&#39;e.</span> <span class='ocrx_word' id='word_1_197' title='bbox 558 2663 659 2745; x_wconf 93' lang='lat' dir='ltr'>ltaque</span> <span class='ocrx_word' id='word_1_198' title='bbox 683 2672 715 2725; x_wconf 91' lang='lat' dir='ltr'>ut</span> <span class='ocrx_word' id='word_1_199' title='bbox 738 2683 866 2732; x_wconf 86' lang='lat' dir='ltr'>causam,</span> <span class='ocrx_word' id='word_1_200' title='bbox 890 2683 944 2726; x_wconf 90' lang='lat' dir='ltr'>cur</span> <span class='ocrx_word' id='word_1_201' title='bbox 967 2665 1100 2726; x_wconf 86' lang='lat' dir='ltr'>cautelae</span> <span class='ocrx_word' id='word_1_202' title='bbox 1122 2665 1189 2727; x_wconf 93' lang='lat' dir='ltr'>illae</span> <span class='ocrx_word' id='word_1_203' title='bbox 1212 2662 1398 2726; x_wconf 82' lang='lat' dir='ltr'>adhibendae</span> 
     </span>
     <span class='ocr_line' id='line_1_24' title="bbox 250 2761 1397 2845; baseline 0 -18"><span class='ocrx_word' id='word_1_204' title='bbox 250 2769 318 2836; x_wconf 91' lang='lat' dir='ltr'>sint,</span> <span class='ocrx_word' id='word_1_205' title='bbox 343 2768 530 2828; x_wconf 88' lang='lat' dir='ltr'>continentes</span> <span class='ocrx_word' id='word_1_206' title='bbox 552 2765 606 2828; x_wconf 93' lang='lat' dir='ltr'>hos</span> <span class='ocrx_word' id='word_1_207' title='bbox 628 2768 740 2827; x_wconf 87' lang='lat' dir='ltr'>rectius</span> <span class='ocrx_word' id='word_1_208' title='bbox 763 2773 830 2845; x_wconf 85' lang='lat' dir='ltr'>poet</span> <span class='ocrx_word' id='word_1_209' title='bbox 844 2784 870 2826; x_wconf 81' lang='lat' dir='ltr'>a.</span> <span class='ocrx_word' id='word_1_210' title='bbox 887 2761 950 2828; x_wconf 86' lang='grc'>230</span> <span class='ocrx_word' id='word_1_211' title='bbox 964 2767 1104 2828; x_wconf 87' lang='lat' dir='ltr'>collocari</span> <span class='ocrx_word' id='word_1_212' title='bbox 1120 2765 1198 2828; x_wconf 90' lang='lat' dir='ltr'>idem</span> <span class='ocrx_word' id='word_1_213' title='bbox 1221 2765 1272 2827; x_wconf 91' lang='lat' dir='ltr'>ille</span> <span class='ocrx_word' id='word_1_214' title='bbox 1287 2765 1397 2828; x_wconf 89' lang='lat' dir='ltr'>Schra-</span> 
     </span>
     <span class='ocr_line' id='line_1_25' title="bbox 252 2868 621 2951; baseline 0.003 -22"><span class='ocrx_word' id='word_1_215' title='bbox 252 2868 342 2929; x_wconf 90' lang='lat' dir='ltr'>derus</span> <span class='ocrx_word' id='word_1_216' title='bbox 365 2868 436 2948; x_wconf 86' lang='lat' dir='ltr'>olim</span> <span class='ocrx_word' id='word_1_217' title='bbox 459 2869 621 2951; x_wconf 85' lang='lat' dir='ltr'>perspexit.</span> 
     </span>
    </p>

    <p class='ocr_par' dir='ltr' id='par_1_6' title="bbox 201 2967 1399 4477">
     <span class='ocr_line' id='line_1_26' title="bbox 338 2967 1399 3050; baseline 0.001 -20"><span class='ocrx_word' id='word_1_218' title='bbox 338 2969 397 3031; x_wconf 89' lang='lat' dir='ltr'>Sed</span> <span class='ocrx_word' id='word_1_219' title='bbox 420 2989 479 3031; x_wconf 92' lang='lat' dir='ltr'>non</span> <span class='ocrx_word' id='word_1_220' title='bbox 503 2973 602 3033; x_wconf 90' lang='lat' dir='ltr'>minus</span> <span class='ocrx_word' id='word_1_221' title='bbox 625 2977 739 3032; x_wconf 88' lang='lat' dir='ltr'>certum</span> <span class='ocrx_word' id='word_1_222' title='bbox 764 2980 823 3040; x_wconf 87' lang='lat' dir='ltr'>est,</span> <span class='ocrx_word' id='word_1_223' title='bbox 855 2978 1013 3050; x_wconf 87' lang='lat' dir='ltr'>postquam</span> <span class='ocrx_word' id='word_1_224' title='bbox 1037 2989 1142 3032; x_wconf 81' lang='lat' dir='ltr'>nouem</span> <span class='ocrx_word' id='word_1_225' title='bbox 1165 2969 1302 3032; x_wconf 86' lang='lat' dir='ltr'>versibus</span> <span class='ocrx_word' id='word_1_226' title='bbox 1325 2967 1399 3046; x_wconf 87' lang='grc'>(239</span> 
     </span>
     <span class='ocr_line' id='line_1_27' title="bbox 252 3068 1397 3153; baseline 0 -21"><span class='ocrx_word' id='word_1_227' title='bbox 252 3068 372 3153; x_wconf 80' lang='grc'>-247)</span> <span class='ocrx_word' id='word_1_228' title='bbox 396 3071 433 3132; x_wconf 89' lang='lat' dir='ltr'>de</span> <span class='ocrx_word' id='word_1_229' title='bbox 456 3071 619 3151; x_wconf 85' lang='lat' dir='ltr'>purgandis</span> <span class='ocrx_word' id='word_1_230' title='bbox 641 3071 776 3135; x_wconf 83' lang='lat' dir='ltr'>alveariis</span> <span class='ocrx_word' id='word_1_231' title='bbox 794 3075 962 3153; x_wconf 82' lang='lat' dir='ltr'>&#39;expositum</span> <span class='ocrx_word' id='word_1_232' title='bbox 987 3079 1041 3142; x_wconf 87' lang='lat' dir='ltr'>est,</span> <span class='ocrx_word' id='word_1_233' title='bbox 1065 3091 1169 3153; x_wconf 92' lang='lat' dir='ltr'>parum</span> <span class='ocrx_word' id='word_1_234' title='bbox 1193 3074 1338 3135; x_wconf 89' lang='lat' dir='ltr'>concinne</span> <span class='ocrx_word' id='word_1_235' title='bbox 1361 3071 1397 3133; x_wconf 94' lang='lat' dir='ltr'>ad</span> 
     </span>
     <span class='ocr_line' id='line_1_28' title="bbox 252 3170 1397 3253; baseline 0.001 -19"><span class='ocrx_word' id='word_1_236' title='bbox 252 3193 380 3236; x_wconf 85' lang='lat' dir='ltr'>messem</span> <span class='ocrx_word' id='word_1_237' title='bbox 403 3193 459 3235; x_wconf 89' lang='lat' dir='ltr'>nus</span> <span class='ocrx_word' id='word_1_238' title='bbox 481 3175 616 3235; x_wconf 86' lang='lat' dir='ltr'>revocari</span> <span class='ocrx_word' id='word_1_239' title='bbox 645 3173 779 3236; x_wconf 84' lang='lat' dir='ltr'>versibus</span> <span class='ocrx_word' id='word_1_240' title='bbox 800 3170 986 3251; x_wconf 71' lang='lat' dir='ltr'>aee-250,</span> <span class='ocrx_word' id='word_1_241' title='bbox 1018 3175 1195 3253; x_wconf 88' lang='lat' dir='ltr'>praesertim</span> <span class='ocrx_word' id='word_1_242' title='bbox 1223 3193 1291 3236; x_wconf 90' lang='lat' dir='ltr'>cum</span> <span class='ocrx_word' id='word_1_243' title='bbox 1320 3191 1397 3253; x_wconf 92' lang='lat' dir='ltr'>quae</span> 
     </span>
     <span class='ocr_line' id='line_1_29' title="bbox 251 3275 1398 3339; baseline 0 -3"><span class='ocrx_word' id='word_1_244' title='bbox 251 3285 395 3338; x_wconf 87' lang='lat' dir='ltr'>secuntur</span> <span class='ocrx_word' id='word_1_245' title='bbox 421 3275 458 3337; x_wconf 91' lang='lat' dir='ltr'>de</span> <span class='ocrx_word' id='word_1_246' title='bbox 481 3275 656 3339; x_wconf 88' lang='lat' dir='ltr'>morborum</span> <span class='ocrx_word' id='word_1_247' title='bbox 684 3275 824 3337; x_wconf 88' lang='lat' dir='ltr'>remediis</span> <span class='ocrx_word' id='word_1_248' title='bbox 854 3278 1002 3338; x_wconf 86' lang='lat' dir='ltr'>artissime</span> <span class='ocrx_word' id='word_1_249' title='bbox 1033 3295 1101 3338; x_wconf 88' lang='lat' dir='ltr'>aum</span> <span class='ocrx_word' id='word_1_250' title='bbox 1123 3276 1260 3338; x_wconf 78' lang='lat' dir='ltr'>audiendi</span> <span class='ocrx_word' id='word_1_251' title='bbox 1281 3277 1398 3337; x_wconf 88' lang='lat' dir='ltr'>ratione</span> 
     </span>
     <span class='ocr_line' id='line_1_30' title="bbox 252 3375 1397 3458; baseline 0 -20"><span class='ocrx_word' id='word_1_252' title='bbox 252 3377 442 3440; x_wconf 86' lang='lat' dir='ltr'>cohaereant.</span> <span class='ocrx_word' id='word_1_253' title='bbox 487 3378 579 3438; x_wconf 87' lang='lat' dir='ltr'>Erant</span> <span class='ocrx_word' id='word_1_254' title='bbox 601 3377 683 3448; x_wconf 88' lang='lat' dir='ltr'>haec,</span> <span class='ocrx_word' id='word_1_255' title='bbox 708 3378 816 3458; x_wconf 92' lang='lat' dir='ltr'>quibus</span> <span class='ocrx_word' id='word_1_256' title='bbox 838 3379 956 3440; x_wconf 87' lang='lat' dir='ltr'>lortiter</span> <span class='ocrx_word' id='word_1_257' title='bbox 977 3398 1011 3440; x_wconf 88' lang='lat' dir='ltr'>ac</span> <span class='ocrx_word' id='word_1_258' title='bbox 1033 3378 1121 3458; x_wconf 87' lang='lat' dir='ltr'>plene</span> <span class='ocrx_word' id='word_1_259' title='bbox 1137 3376 1287 3439; x_wconf 78' lang='lat' dir='ltr'>exhauriri</span> <span class='ocrx_word' id='word_1_260' title='bbox 1309 3375 1397 3438; x_wconf 89' lang='lat' dir='ltr'>mella</span> 
     </span>
     <span class='ocr_line' id='line_1_31' title="bbox 201 3469 1399 3560; baseline 0 -20"><span class='ocrx_word' id='word_1_261' title='bbox 201 3469 205 3486; x_wconf 49' lang='lat'><em>¹</em></span> <span class='ocrx_word' id='word_1_262' title='bbox 247 3479 403 3550; x_wconf 91' lang='lat' dir='ltr'>iubentur,</span> <span class='ocrx_word' id='word_1_263' title='bbox 428 3480 473 3541; x_wconf 91' lang='lat' dir='ltr'>eis</span> <span class='ocrx_word' id='word_1_264' title='bbox 490 3479 707 3559; x_wconf 87' lang='lat' dir='ltr'>anteponenda,</span> <span class='ocrx_word' id='word_1_265' title='bbox 731 3498 808 3559; x_wconf 90' lang='lat' dir='ltr'>quae</span> <span class='ocrx_word' id='word_1_266' title='bbox 830 3481 873 3540; x_wconf 88' lang='lat' dir='ltr'>sie</span> <span class='ocrx_word' id='word_1_267' title='bbox 887 3481 1046 3560; x_wconf 89' lang='lat' dir='ltr'>incipiunt:</span> <span class='ocrx_word' id='word_1_268' title='bbox 1069 3482 1135 3542; x_wconf 80' lang='lat' dir='ltr'>‘sin</span> <span class='ocrx_word' id='word_1_269' title='bbox 1159 3479 1262 3542; x_wconf 92' lang='lat' dir='ltr'>duram</span> <span class='ocrx_word' id='word_1_270' title='bbox 1284 3486 1399 3541; x_wconf 88' lang='lat' dir='ltr'>metues</span> 
     </span>
     <span class='ocr_line' id='line_1_32' title="bbox 249 3580 1399 3662; baseline 0.002 -22"><span class='ocrx_word' id='word_1_271' title='bbox 249 3581 379 3643; x_wconf 91' lang='lat' dir='ltr'>hiemem</span> <span class='ocrx_word' id='word_1_272' title='bbox 402 3599 570 3662; x_wconf 90' lang='lat' dir='ltr'>parcesque</span> <span class='ocrx_word' id='word_1_273' title='bbox 593 3583 695 3643; x_wconf 91' lang='lat' dir='ltr'>luturu</span> <span class='ocrx_word' id='word_1_274' title='bbox 712 3581 932 3662; x_wconf 85' lang='lat' dir='ltr'>Contussosque</span> <span class='ocrx_word' id='word_1_275' title='bbox 954 3585 1068 3644; x_wconf 89' lang='lat' dir='ltr'>animos</span> <span class='ocrx_word' id='word_1_276' title='bbox 1091 3590 1121 3643; x_wconf 91' lang='lat' dir='ltr'>et</span> <span class='ocrx_word' id='word_1_277' title='bbox 1142 3599 1192 3643; x_wconf 85' lang='lat' dir='ltr'>res</span> <span class='ocrx_word' id='word_1_278' title='bbox 1213 3580 1399 3644; x_wconf 84' lang='lat' dir='ltr'>miserabere</span> 
     </span>
     <span class='ocr_line' id='line_1_33' title="bbox 246 3680 1398 3766; baseline -0.001 -22"><span class='ocrx_word' id='word_1_279' title='bbox 246 3685 372 3752; x_wconf 85' lang='lat' dir='ltr'>iractas’</span> <span class='ocrx_word' id='word_1_280' title='bbox 395 3680 469 3759; x_wconf 90' lang='grc'>(239</span> <span class='ocrx_word' id='word_1_281' title='bbox 480 3684 548 3766; x_wconf 76' lang='lat' dir='ltr'>sq),</span> <span class='ocrx_word' id='word_1_282' title='bbox 573 3702 701 3764; x_wconf 91' lang='lat' dir='ltr'>quorum</span> <span class='ocrx_word' id='word_1_283' title='bbox 718 3684 821 3747; x_wconf 89' lang='lat' dir='ltr'>ultima</span> <span class='ocrx_word' id='word_1_284' title='bbox 837 3683 913 3746; x_wconf 89' lang='lat' dir='ltr'>bene</span> <span class='ocrx_word' id='word_1_285' title='bbox 926 3685 1089 3765; x_wconf 88' lang='lat' dir='ltr'>respiciunt</span> <span class='ocrx_word' id='word_1_286' title='bbox 1103 3683 1139 3745; x_wconf 91' lang='lat' dir='ltr'>ad</span> <span class='ocrx_word' id='word_1_287' title='bbox 1162 3684 1300 3762; x_wconf 69' lang='lat' dir='ltr'>‘generis</span> <span class='ocrx_word' id='word_1_288' title='bbox 1322 3682 1398 3763; x_wconf 93' lang='lat' dir='ltr'>lapsi</span> 
     </span>
     <span class='ocr_line' id='line_1_34' title="bbox 246 3782 1397 3866; baseline -0.002 -20"><span class='ocrx_word' id='word_1_289' title='bbox 246 3786 363 3847; x_wconf 87' lang='lat' dir='ltr'>ruinas’</span> <span class='ocrx_word' id='word_1_290' title='bbox 377 3782 471 3866; x_wconf 86' lang='grc'>(249).</span> <span class='ocrx_word' id='word_1_291' title='bbox 496 3786 635 3848; x_wconf 87' lang='lat' dir='ltr'>Ceterum</span> <span class='ocrx_word' id='word_1_292' title='bbox 651 3787 706 3848; x_wconf 91' lang='lat' dir='ltr'>etsi</span> <span class='ocrx_word' id='word_1_293' title='bbox 719 3786 863 3858; x_wconf 84' lang='lat' dir='ltr'>ordinem,</span> <span class='ocrx_word' id='word_1_294' title='bbox 880 3804 968 3865; x_wconf 88' lang='lat' dir='ltr'>quem</span> <span class='ocrx_word' id='word_1_295' title='bbox 984 3785 1040 3848; x_wconf 90' lang='lat' dir='ltr'>sibi</span> <span class='ocrx_word' id='word_1_296' title='bbox 1058 3787 1216 3865; x_wconf 88' lang='lat' dir='ltr'>proposuit</span> <span class='ocrx_word' id='word_1_297' title='bbox 1232 3794 1329 3865; x_wconf 90' lang='lat' dir='ltr'>poeta,</span> <span class='ocrx_word' id='word_1_298' title='bbox 1354 3785 1397 3844; x_wconf 88' lang='lat' dir='ltr'>sic</span> 
     </span>
     <span class='ocr_line' id='line_1_35' title="bbox 246 3881 1397 3958; baseline 0 -10"><span class='ocrx_word' id='word_1_299' title='bbox 246 3888 318 3948; x_wconf 89' lang='lat' dir='ltr'>satis</span> <span class='ocrx_word' id='word_1_300' title='bbox 340 3894 424 3949; x_wconf 88' lang='lat' dir='ltr'>reete</span> <span class='ocrx_word' id='word_1_301' title='bbox 457 3889 627 3950; x_wconf 88' lang='lat' dir='ltr'>restituisse</span> <span class='ocrx_word' id='word_1_302' title='bbox 655 3887 728 3958; x_wconf 88' lang='lat' dir='ltr'>mihi</span> <span class='ocrx_word' id='word_1_303' title='bbox 757 3881 874 3958; x_wconf 69' lang='lat' dir='ltr'>videor{</span> <span class='ocrx_word' id='word_1_304' title='bbox 903 3893 1002 3950; x_wconf 78' lang='lat' dir='ltr'>mmcd</span> <span class='ocrx_word' id='word_1_305' title='bbox 1029 3885 1153 3950; x_wconf 81' lang='lat' dir='ltr'>offendit</span> <span class='ocrx_word' id='word_1_306' title='bbox 1180 3887 1397 3948; x_wconf 87' lang='lat' dir='ltr'>sententiarum</span> 
     </span>
     <span class='ocr_line' id='line_1_36' title="bbox 251 3987 1397 4071; baseline -0.001 -22"><span class='ocrx_word' id='word_1_307' title='bbox 251 3989 399 4067; x_wconf 91' lang='lat' dir='ltr'>quaedam</span> <span class='ocrx_word' id='word_1_308' title='bbox 422 3988 616 4069; x_wconf 81' lang='lat' dir='ltr'>adglutinatio</span> <span class='ocrx_word' id='word_1_309' title='bbox 643 3989 737 4068; x_wconf 77' lang='lat' dir='ltr'>magis</span> <span class='ocrx_word' id='word_1_310' title='bbox 765 4008 854 4069; x_wconf 91' lang='lat' dir='ltr'>quam</span> <span class='ocrx_word' id='word_1_311' title='bbox 883 3991 1069 4071; x_wconf 88' lang='lat' dir='ltr'>compositio.</span> <span class='ocrx_word' id='word_1_312' title='bbox 1118 3989 1193 4052; x_wconf 89' lang='lat' dir='ltr'>Nam</span> <span class='ocrx_word' id='word_1_313' title='bbox 1222 4006 1289 4051; x_wconf 89' lang='lat' dir='ltr'>aum</span> <span class='ocrx_word' id='word_1_314' title='bbox 1317 3987 1397 4050; x_wconf 87' lang='lat' dir='ltr'>necti</span> 
     </span>
     <span class='ocr_line' id='line_1_37' title="bbox 246 4087 1397 4172; baseline -0.003 -20"><span class='ocrx_word' id='word_1_315' title='bbox 246 4087 418 4152; x_wconf 86' lang='lat' dir='ltr'>sententiae</span> <span class='ocrx_word' id='word_1_316' title='bbox 441 4094 557 4169; x_wconf 90' lang='lat' dir='ltr'>possint</span> <span class='ocrx_word' id='word_1_317' title='bbox 584 4091 629 4153; x_wconf 81' lang='lat' dir='ltr'>vel</span> <span class='ocrx_word' id='word_1_318' title='bbox 651 4089 709 4152; x_wconf 91' lang='lat' dir='ltr'>hoc</span> <span class='ocrx_word' id='word_1_319' title='bbox 731 4090 853 4153; x_wconf 90' lang='lat' dir='ltr'>ordine:</span> <span class='ocrx_word' id='word_1_320' title='bbox 878 4091 907 4172; x_wconf 90' lang='lat'>1)</span> <span class='ocrx_word' id='word_1_321' title='bbox 931 4091 1017 4153; x_wconf 74' lang='lat' dir='ltr'>‘bina</span> <span class='ocrx_word' id='word_1_322' title='bbox 1039 4091 1146 4154; x_wconf 83' lang='lat' dir='ltr'>messis</span> <span class='ocrx_word' id='word_1_323' title='bbox 1169 4097 1304 4170; x_wconf 86' lang='lat' dir='ltr'>tempora</span> <span class='ocrx_word' id='word_1_324' title='bbox 1326 4095 1397 4151; x_wconf 90' lang='lat' dir='ltr'>sunt</span> 
     </span>
     <span class='ocr_line' id='line_1_38' title="bbox 248 4187 1394 4272; baseline 0.003 -21"><span class='ocrx_word' id='word_1_325' title='bbox 248 4189 456 4272; x_wconf 73' lang='lat'>(231-235),</span> <span class='ocrx_word' id='word_1_326' title='bbox 486 4195 542 4254; x_wconf 86' lang='lat' dir='ltr'>sed</span> <span class='ocrx_word' id='word_1_327' title='bbox 561 4193 586 4253; x_wconf 90' lang='lat' dir='ltr'>si</span> <span class='ocrx_word' id='word_1_328' title='bbox 608 4191 695 4254; x_wconf 90' lang='lat' dir='ltr'>mella</span> <span class='ocrx_word' id='word_1_329' title='bbox 724 4192 851 4264; x_wconf 81' lang='lat' dir='ltr'>selinus,</span> <span class='ocrx_word' id='word_1_330' title='bbox 882 4195 979 4265; x_wconf 88' lang='lat' dir='ltr'>cautio</span> <span class='ocrx_word' id='word_1_331' title='bbox 1006 4192 1172 4255; x_wconf 91' lang='lat' dir='ltr'>adhibenda</span> <span class='ocrx_word' id='word_1_332' title='bbox 1195 4187 1394 4271; x_wconf 71' lang='lat' dir='ltr'>(eae-230),</span> 
     </span>
     <span class='ocr_line' id='line_1_39' title="bbox 245 4292 1395 4377; baseline 0.001 -24"><span class='ocrx_word' id='word_1_333' title='bbox 245 4293 324 4373; x_wconf 89' lang='lat' dir='ltr'>quod</span> <span class='ocrx_word' id='word_1_334' title='bbox 348 4295 481 4355; x_wconf 81' lang='lat' dir='ltr'>imitatae</span> <span class='ocrx_word' id='word_1_335' title='bbox 504 4312 576 4374; x_wconf 90' lang='lat' dir='ltr'>apes</span> <span class='ocrx_word' id='word_1_336' title='bbox 599 4294 738 4356; x_wconf 87' lang='lat' dir='ltr'>mordent</span> <span class='ocrx_word' id='word_1_337' title='bbox 754 4292 952 4377; x_wconf 82' lang='grc'>(236-238).</span> <span class='ocrx_word' id='word_1_338' title='bbox 997 4312 1055 4375; x_wconf 91' lang='lat' dir='ltr'>qua</span> <span class='ocrx_word' id='word_1_339' title='bbox 1076 4301 1174 4356; x_wconf 86' lang='lat' dir='ltr'>tamen</span> <span class='ocrx_word' id='word_1_340' title='bbox 1197 4295 1241 4354; x_wconf 89' lang='lat' dir='ltr'>ira</span> <span class='ocrx_word' id='word_1_341' title='bbox 1264 4307 1334 4356; x_wconf 75' lang='lat' dir='ltr'>cave</span> <span class='ocrx_word' id='word_1_342' title='bbox 1356 4311 1395 4354; x_wconf 87' lang='lat' dir='ltr'>nc</span> 
     </span>
     <span class='ocr_line' id='line_1_40' title="bbox 244 4392 1393 4477; baseline 0 -22"><span class='ocrx_word' id='word_1_343' title='bbox 244 4403 274 4456; x_wconf 91' lang='lat' dir='ltr'>te</span> <span class='ocrx_word' id='word_1_344' title='bbox 297 4395 444 4457; x_wconf 86' lang='lat' dir='ltr'>deterreri</span> <span class='ocrx_word' id='word_1_345' title='bbox 466 4397 604 4473; x_wconf 86' lang='lat' dir='ltr'>patiaris;</span> <span class='ocrx_word' id='word_1_346' title='bbox 630 4415 698 4458; x_wconf 92' lang='lat' dir='ltr'>nam</span> <span class='ocrx_word' id='word_1_347' title='bbox 721 4416 779 4477; x_wconf 91' lang='lat' dir='ltr'>quo</span> <span class='ocrx_word' id='word_1_348' title='bbox 802 4399 912 4477; x_wconf 83' lang='lat' dir='ltr'>magis&#39;</span> <span class='ocrx_word' id='word_1_349' title='bbox 936 4416 962 4459; x_wconf 92' lang='lat' dir='ltr'>e.</span> <span class='ocrx_word' id='word_1_350' title='bbox 978 4417 1007 4476; x_wconf 92' lang='lat' dir='ltr'>q.</span> <span class='ocrx_word' id='word_1_351' title='bbox 1023 4417 1047 4458; x_wconf 90' lang='lat' dir='ltr'>s.</span> <span class='ocrx_word' id='word_1_352' title='bbox 1069 4392 1275 4475; x_wconf 59' lang='lat' dir='ltr'>lete-etue</span> <span class='ocrx_word' id='word_1_353' title='bbox 1292 4429 1334 4440; x_wconf 89' lang='lat'>-</span> <span class='ocrx_word' id='word_1_354' title='bbox 1348 4393 1393 4455; x_wconf 85' lang='lat' dir='ltr'>rel</span> 
     </span>
    </p>
   </div>
   <div class='ocr_carea' id='block_1_4' title="bbox 0 0 1486 4904">
    <p class='ocr_par' dir='ltr' id='par_1_7' title="bbox 0 0 1486 4904">
     <span class='ocr_line' id='line_1_41' title="bbox 0 0 1486 4904; baseline 0 0"><span class='ocrx_word' id='word_1_355' title='bbox 0 0 1486 4904; x_wconf 95' lang='lat' dir='ltr'> </span> 
     </span>
    </p>
   </div>
  </div>
 </body>
</html>
