2962 4904
543 370 786 415 rnoaaoouauu.
1193 349 1235 414 35

84 539 167 601 bium
191 548 252 608 est,
281 539 352 616 quin
375 537 553 616 ‘generandi
584 537 678 615 gloria
702 538 814 599 mellis'
844 538 881 599 ad
909 537 1039 600 studium
1061 537 1133 599 illud
1157 540 1234 600 rele-
1341 515 1346 522 ’

84 640 179 702 renda
209 641 262 710 sit,
297 641 431 718 quamvis
454 648 483 700 et
505 641 615 701 rectius
638 648 668 701 et
694 641 786 718 magis
809 641 1000 721 perspicuum
1023 642 1237 716 ‘emerendae

84 747 190 818 yterio
217 745 332 822 prelis’
369 730 623 804 tuturum'tuisse
653 743 785 805 monenti
814 741 939 814 'littlerp
969 763 997 822 p.
1026 740 1046 802 6
1074 743 1234 805 adsentiar.

85 846 245 907 Praeterea
279 845 305 905 si
338 844 375 906 de
404 844 572 924 perieulis„
592 862 668 923 (perae
697 847 728 905 iu
756 843 932 922 colligendis
954 843 1080 906 lloribus
1111 846 1236 908 subeant

85 967 166 1027 apes,
194 947 329 1008 dicturos
352 952 418 1007 erat
439 953 537 1026 poeta,
570 945 710 1008 uberiora
733 945 972 1025 expectabamus.
1022 945 1114 1024 ldque
1136 949 1234 1028 ipsum

85 1048 215 1112 lormula
240 1050 348 1128 ‘saepe
372 1049 479 1109 etiem'
503 1048 784 1116 indicare'videtur,
814 1065 979 1124 quaecum
1003 1049 1033 1108 in
1057 1048 1128 1110 solis
1150 1067 1236 1129 geor·

86 1153 162 1229 gitis
190 1150 269 1230 apud
299 1147 461 1228 Vergilium
490 1149 620 1228 legatur,
654 1168 800 1228 nusquam
834 1131 894 1210 non
928 1151 968 1210 ita
996 1158 1171 1230 usurpatur,
1204 1159 1234 1212 ut

86 1255 273 1315 enumeratis
307 1251 444 1331 pluribus
477 1269 585 1313 novum
615 1251 762 1330 quoddam
793 1251 896 1312 eodem
932 1260 1069 1331 spectans
1098 1252 1236 1314 addatur:

87 1359 124 1418 cl.
156 1353 243 1418 184.
267 1351 342 1416 322.
367 1350 430 1414 365
466 1351 688 1414 1111324119
732 1353 784 1414 llll
811 1349 862 1412 42.
914 1354 979 1425 Quo
1008 1353 1122 1415 aceedit
1150 1356 1237 1416 etiam

87 1457 295 1519 conclusionis
317 1455 445 1534 gravitas
468 1455 628 1535 quaedam:
653 1456 772 1516 ‘tentos
794 1457 894 1516 amor'
918 1473 943 1516 e.
962 1472 990 1533 q.
1007 1474 1042 1523 s,
1067 1458 1118 1536 qui
1142 1473 1235 1535 quau·

88 1569 136 1622 tus
166 1567 249 1621 esset
281 1557 409 1619 debebat
441 1557 529 1637 paulo
562 1559 712 1636 copiosius
745 1559 889 1618 enarrari.
946 1557 1034 1618 Certa
1069 1568 1237 1638 comparata

87 1661 219 1722 currulis
244 1659 415 1721 certaminis
438 1659 639 1738 descriptione
663 1655 809 1738 (111112),
834 1677 910 1738 quae
931 1658 1043 1720 eisdem
1060 1659 1123 1721 lere
1139 1659 1237 1721 verbis

87 1764 283 1846 terminatur:
308 1767 427 1822 ‘mutus
449 1779 533 1821 amor
549 1758 676 1830 laudum,
700 1768 827 1820 tarrmest
842 1761 964 1822 uictoria
980 1765 1097 1832 eurae’‚
1123 1761 1238 1823 exilitas

88 1863 237 1942 quaedam
262 1881 401 1924 versuum
424 1871 598 1924 nostrorum
621 1869 753 1941 apparet.
785 1863 894 1924 [leesse
917 1870 1018 1925 autem
1039 1863 1096 1924 boc
1118 1863 1236 1942 quidem

86 1966 152 2027 loco
174 1964 321 2026 facillime
336 1971 470 2044 possunt.

174 2120 272 2191 Quare
301 2117 390 2179 alium
424 2119 466 2178 eis
497 2115 594 2179 locum
617 2115 803 2179 Schraderus
830 2124 898 2202 ppst
922 2136 946 2179 v.
974 2115 1034 2179 196
1064 2117 1168 2196 elegit,
1203 2126 1249 2179 ut¹

85 2239 160 2284 saue
183 2220 290 2282 babeat
312 2223 423 2300 ‘saepe
441 2221 547 2280 etiam’
571 2218 695 2280 alterum
720 2222 844 2299 ‘saepe’
868 2223 905 2295 (r.
932 2217 1001 2298 194)
1035 2236 1094 2297 quo
1123 2220 1234 2280 refera-

88 2333 147 2384 tur.
190 2326 227 2384 m
250 2341 326 2402 quoe
349 2340 450 2382 amore
473 2320 582 2383 ilerum
604 2320 745 2400 abreptae
769 2320 897 2382 errando
919 2323 948 2382 iu
973 2320 1089 2382 cotibus
1112 2330 1237 2383 mortem

86 2425 217 2492 obeunt,
241 2424 378 2484 videntur
393 2433 492 2486 tamen
509 2423 586 2484 ultra
601 2431 681 2484 tutos
698 2424 772 2482 sines
795 2422 911 2502 lougius
933 2443 948 2484 a
966 2425 1051 2484 tectis
1067 2425 1236 2491 recessisse,

88 2535 122 2587 nt
145 2546 214 2588 cum
238 2529 289 2597 eie,
315 2543 391 2603 quae
413 2545 451 2586 ne
476 2526 554 2585 venti
577 2526 688 2604 impetu
712 2526 883 2586 auferantur
913 2533 941 2584 et
964 2523 1108 2586 brevitate
1131 2545 1236 2589 excur-

88 2648 142 2690 sus
166 2636 196 2688 et
218 2627 327 2709 lapillis
350 2635 463 2697 cevent,
495 2628 633 2706 componi
661 2629 860 2705 nonpossint
888 2628 946 2687 nisi
973 2626 1028 2688 bae
1056 2637 1169 2688 ruente:
1200 2645 1237 2688 ne

91 2734 135 2791 sic
158 2730 279 2810 quidem
304 2747 353 2790 eas
375 2745 494 2806 semper
510 2727 675 2789 incolomes
698 2747 712 2788 a
737 2736 913 2807 tempestate
936 2731 1057 2790 servari.
1104 2729 1163 2789 llae
1187 2748 1236 2789 au·

93 2841 155 2893 tem
178 2832 325 2892 sententia
347 2848 440 2906 saepe
459 2833 550 2890 ettam
572 2837 654 2891 recte
677 2849 709 2890 se
732 2829 852 2898 babere,
876 2849 936 2890 uon
959 2849 1048 2908 saepe
1070 2841 1170 2891 terruere
1193 2829 1236 2890 vel

86 2937 133 2995 sic
154 2940 244 2994 etiem
262 2931 419 2993 dicendum
437 2933 529 2992 luisse
544 2930 648 2992 vellem
665 2931 814 2993 docuisset
828 2931 980 3002 Tittlerus,
1005 2951 1064 2994 non
1081 2933 1236 2994 adserere·

91 3037 189 3095 risset.
235 3034 368 3113 lienique
391 3041 471 3094 totus
486 3031 570 3094 locus
584 3033 654 3093 inde
670 3053 686 3093 a
702 3052 727 3094 r.
747 3029 805 3093 191
823 3037 961 3120 quoniam
985 3053 1043 3095 uon
1061 3053 1097 3094 eo
1113 3040 1235 3114 spectat,

93 3145 125 3197 ut
148 3143 290 3217 quantum
314 3138 352 3196 sit
375 3153 465 3215 apum
487 3136 519 3195 iu
541 3133 643 3196 labore
665 3135 836 3216 peragendo
860 3136 999 3206 studium,
1024 3137 1113 3196 immo
1130 3143 1237 3215 quauta

94 3239 253 3319 prudentia
277 3239 381 3314 iniquo
403 3244 539 3317 tempore
562 3233 692 3316 parcant
706 3236 762 3297 sibi
779 3245 985 3316 cognoscatur,
1009 3257 1068 3298 non
1084 3239 1155 3297 satis
1170 3244 1237 3315 apte

90 3339 278 3400 concluditur
302 3357 327 3398 r.
351 3335 430 3409 205,
460 3357 516 3398 uec
543 3339 568 3398 si
597 3339 705 3400 invitae
728 3341 807 3400 venti
830 3339 966 3400 uiolentia
988 3341 1018 3400 iu
1042 3357 1144 3419 aspera
1174 3336 1237 3398 loca

90 3441 207 3504 delatae
230 3441 385 3520 perierint,
408 3439 527 3502 laudem
550 3441 670 3502 omuino
692 3450 872 3502 mereantur.
901 3440 959 3501 Sed
976 3460 1012 3501 ne
1028 3449 1097 3501 sont
1119 3438 1236 3516 quidem

92 3545 201 3603 inritae
225 3541 348 3612 delatae,
372 3561 448 3622 quae
472 3542 570 3603 ‘alitro
592 3543 719 3603 animam
743 3541 798 3604 sub
821 3543 901 3604 lasee
924 3542 1062 3604 dedere'.

177 3695 280 3774 ltaque
309 3695 463 3757 reicienda
492 3693 651 3756 Schraderi
679 3697 769 3765 ratio,
799 3715 887 3775 quam
919 3715 979 3758 nou
1007 3696 1092 3756 video
1120 3694 1237 3756 'littleri

90 3797 292 3876 disputatione
315 3793 380 3877 po
404 3799 498 3874 magis
520 3798 665 3858 llrmatam
690 3815 764 3866 esse,
789 3807 818 3858 et
833 3797 990 3858 videndum
1014 3815 1050 3857 an
1075 3795 1148 3856 lraee
1171 3816 1237 3876 pos-

89 3901 149 3960 sint
178 3901 328 3978 componi:
362 3895 426 3960 215
459 3896 529 3958 ‘ille
558 3916 682 3978 operum
712 3905 827 3969 custos,
864 3899 946 3960 illum
975 3898 1174 3968 admirantur,
1210 3909 1238 3957 et
1272 3925 1277 3936 ·

90 4019 196 4062 omnes
212 4002 414 4062 Circumstant
436 4001 555 4061 fremitu
579 3999 672 4060 denso
695 4003 865 4081 stipantque
886 4002 1068 4081 frequentes,
1092 4001 1127 4060 Et
1148 4017 1239 4076 saepe

92 4102 232 4164 attollunt
260 4103 373 4162 umeris
403 4110 433 4162 et
462 4121 588 4181 corpora
612 4101 690 4163 bello
713 4103 871 4164 Obiectant
898 4101 1111 4181 pulchramque
1133 4111 1239 4180 petunt

89 4222 145 4284 per
167 4204 288 4264 volnera
313 4211 450 4266 mortem.
503 4205 604 4280 Saepe
630 4206 719 4264 etiem
743 4185 854 4265 duriss
875 4223 900 4264 e.
925 4221 952 4282 q.
979 4223 1002 4262 s.
1053 4205 1237 4279 eramquam

89 4303 135 4364 rel
158 4307 202 4366 sie
225 4305 262 4365 nil
287 4308 507 4367 uenerationem
530 4305 611 4383 regis
640 4323 698 4366 uon
729 4315 854 4384 possunt
882 4308 938 4367 uisi
962 4306 1086 4366 artillrio
1110 4306 1237 4381 quodam

88 4406 213 4476 relerri,
244 4415 277 4466 ut
299 4407 510 4486 intellegantur
533 4407 623 4467 bace:
662 4409 791 4468 ‘amisso
821 4427 892 4486 roge
920 4409 1018 4468 onmia
1047 4406 1177 4485 perdunt
1204 4423 1237 4466 ae

986 4505 1031 4569 3*
