3038 4912
234 309 302 374 ‚124
683 313 929 371 nnouuuouuuu.

323 499 417 560 Huius
438 499 529 576 igitur
552 495 649 558 studia
666 497 816 559 Cornutus
830 499 868 558 iu
892 499 1086 577 praefatione,
1110 499 1141 558 ni
1157 497 1251 566 tollor,
1276 498 1383 558 decimi
1422 577 1423 586 ἵ

238 602 523 662 commentariorum
552 599 698 662 Aeneidos
732 598 800 660 libri
828 597 953 662 laudans
981 598 1115 660 acutulus
1145 598 1266 678 Vergilii
1295 601 1382 660 ctiam

194 777 196 782 Ι
237 706 318 765 inter
339 701 457 765 nobiles
481 704 559 764 viros
584 711 642 764 tam
665 701 820 782 praeclaro
850 701 985 781 exemplo
1009 703 1132 763 excitari
1154 720 1243 782 quam
1266 703 1383 762 sincere

238 814 325 886 atquc
349 824 385 866 er
408 806 507 867 animo
530 805 640 866 dixerit
661 823 805 884 quaerere
821 823 881 866 nou
897 807 1012 866 attinet.
1044 803 1102 865 Sed
1119 803 1208 866 verba
1224 806 1288 866 eius
1303 803 1383 882 apud

237 907 401 970 Clvarisium
425 925 453 986 p.
480 904 542 969 100
563 908 637 968 baec
660 915 744 968 suut:
775 909 910 986 ‘iamque
939 905 1076 986 exemplo
1107 912 1157 967 tuo
1188 909 1278 968 etiam
1300 907 1383 986 prib-

236 1013 319 1091 cipes
342 1010 518 1084 civitatium,
551 1017 694 1089 epacta,
728 1010 873 1089 incipient
900 1008 1007 1070 similia
1029 1010 1170 1088 tingere)
1215 1007 1382 1071 Probabilis

236 1121 334 1175 autem
358 1110 474 1173 videtur
489 1111 585 1173 Iabnii
600 1111 620 1173 l.
636 1111 655 1173 l.
680 1131 709 1191 p.
725 1112 775 1172 XV
798 1112 979 1186 coniectura,
1003 1131 1063 1173 non
1087 1130 1225 1173 versuum
1248 1111 1384 1172 ordinem

241 1222 377 1278 secutum
401 1221 574 1295 perpetuos,
598 1232 672 1293 quos
694 1214 828 1284 dicimus,
853 1215 1083 1276 commentarios
1104 1213 1267 1277 Cornutum
1291 1214 1385 1292 scrip·

234 1319 325 1388 sisse,
359 1316 413 1379 sed
445 1318 634 1397 quaestiones
674 1315 805 1394 singulas
837 1335 892 1397 per
926 1315 1018 1378 libros
1057 1317 1165 1379 divisas
1200 1317 1382 1378 tractavisse.

238 1421 341 1497 ltaque
364 1419 479 1480 decimo
507 1420 537 1479 in
565 1417 643 1481 libro
672 1437 740 1480 cum
769 1418 915 1499 ‘bospitio
938 1419 1029 1480 Didus
1059 1425 1216 1499 exceptum
1240 1437 1305 1480 esse
1327 1419 1383 1479 Ac·

238 1525 333 1584 nean'
357 1521 481 1602 (Charis.
506 1517 567 1582 102
589 1521 632 1600 P.)
657 1523 837 1590 narraverit,
868 1539 921 1582 cur
944 1522 1023 1582 buno
1046 1522 1231 1602 potissimum
1255 1521 1382 1582 Punico-

238 1643 305 1684 rum
329 1624 443 1684 auctori
466 1621 537 1683 Silio
561 1622 741 1684 dedicaverit
763 1642 850 1685 causa
873 1631 968 1704 patet:
999 1643 1033 1685 ac
1061 1625 1187 1685 fortasse
1215 1625 1246 1684 in
1277 1622 1382 1684 eodem

237 1745 305 1788 curn
334 1725 457 1787 Didonis
486 1723 615 1786 rabulam
643 1724 730 1802 longe
760 1724 1022 1788 celebratissimum
1050 1726 1098 1804 (cl.
1129 1725 1258 1787 Macrob.
1284 1727 1307 1784 V
1333 1722 1381 1794 tt,

237 1825 258 1891 5
282 1826 337 1906 sq.)
362 1827 530 1888 accuratius
552 1834 799 1906 perscrutaretur,
824 1830 911 1888 etiam
936 1829 1010 1889 baec
1027 1846 1108 1908 ‘quac
1130 1826 1299 1889 Macrobius
1322 1827 1382 1888 Sat.

239 1927 324 1990 v19
346 1931 495 2008 vituperat
527 1929 564 1990 de
597 1931 679 1990 crine
712 1929 908 1991 moribundae
941 1933 1062 2010 reginae
1096 1930 1133 1992 ab
1160 1928 1238 1990 Iride
1267 1929 1383 1991 absciso

238 2032 318 2111 (Aen.
342 2031 395 2093 llll
418 2028 480 2093 700
502 2029 577 2111 sqq.)
601 2031 764 2094 adnotavit:
789 2032 887 2092 ‘unde
910 2033 983 2095 baec
1006 2033 1139 2102 historia,
1163 2033 1309 2094 uterinis
1331 2051 1382 2093 au·

236 2133 378 2196 serendus
400 2136 440 2194 sit
465 2132 670 2203 morientibus,
699 2135 870 2212 ignoratur:
909 2135 961 2196 sed
984 2133 1118 2196 adsuevit
1149 2135 1266 2213 poetico
1300 2153 1384 2194 nrorc

237 2236 334 2314 aliqua
358 2237 471 2315 lingere
494 2242 527 2296 ut
549 2235 586 2296 de
609 2253 700 2297 aureo
723 2241 824 2297 ramo'
849 2236 895 2314 (Vl
914 2235 993 2315 141).
1026 2235 1139 2308 Quibus
1162 2254 1237 2316 quac
1259 2237 1383 2315 opponit

237 2338 414 2416 Macrobius,
439 2356 499 2401 nou
522 2337 559 2400 de
579 2337 672 2400 nihilo
695 2337 825 2400 fabulam
848 2340 945 2400 liciam
969 2357 1044 2408 esse,
1069 2337 1120 2399 sed
1143 2336 1259 2417 pudere
1283 2337 1381 2416 ‘qvvod

236 2449 335 2520 mutus
358 2443 411 2510 vir,
436 2441 615 2501 Graecarum
640 2441 727 2502 ctiam
750 2440 941 2502 doctissimus
963 2441 1139 2508 litterarum,
1163 2441 1308 2519 ignoravit
1323 2441 1381 2500 Eu·

238 2543 342 2620 ripidis
370 2541 583 2604 nobilissimam
600 2542 735 2605 ‘fabulam
759 2543 907 2604 Alcestin’
930 2561 955 2602 e.
980 2560 1008 2619 q.
1033 2563 1072 2612 s..
1101 2542 1175 2604 baec
1204 2550 1236 2604 ut
1267 2542 1321 2604 alia
1346 2561 1382 2602 cx

237 2647 333 2706 Servii
355 2646 579 2715 commentario,
605 2661 694 2723 quem
717 2645 766 2706 illc
788 2647 982 2724 integriorem
999 2644 1078 2723 legit,
1102 2644 1206 2706 hausta
1223 2662 1288 2705 csse
1301 2646 1383 2705 cord·
1492 2643 1497 2655 '

237 2748 297 2808 cio:
322 2749 406 2809 cuius
429 2749 459 2807 iu
482 2748 594 2808 nestris
617 2765 736 2826 quoque
758 2747 892 2828 reliquiis
914 2755 946 2808 et
967 2747 1003 2810 ad
1026 2767 1051 2808 v.
1066 2745 1128 2809 703
1150 2729 1254 2808 eadem
1276 2746 1314 2807 de
1335 2745 1382 2808 Al·

236 2851 309 2910 cesti
332 2848 480 2928 Euripidis
503 2849 611 2910 notitia
637 2857 667 2910 et
694 2849 729 2913 ad
753 2869 783 2910 v.'
803 2847 867 2911 694
895 2851 983 2910 etiam
1008 2849 1097 2911 verba
1121 2868 1245 2929 prorsus
1268 2849 1381 2910 Macro-

129 3015 134 3042 ,
236 2949 332 3012 bianis
354 2951 461 3012 similia
483 2950 631 3030 leguntur,
656 2971 730 3032 quae
753 2953 796 3015 sic
818 2951 925 3013 babrto
949 2971 985 3012 cx
1007 2952 1131 3013 adverso
1155 2951 1210 3012 sibi
1232 2952 1344 3030 posita:

395 3159 402 3172 .
427 3095 609 3166 Macrobius:
957 3105 1078 3166 Servius
1102 3103 1245 3165 Danielis:

236 3211 265 3268 iu
296 3207 350 3268 bae
384 3209 462 3269 euim
491 3207 589 3269 sabula
619 3211 650 3270 iu
678 3227 797 3270 scenam
822 3208 871 3288 alii
895 3207 997 3268 dicunt
1019 3206 1193 3286 Euripidem
1216 3208 1327 3267 Orcum
1350 3207 1380 3267 iu

241 3312 338 3371 Orcus
361 3309 511 3371 inducitur
532 3309 661 3388 gladium
678 3322 797 3390 gestans
822 3329 942 3370 scenam
965 3308 1115 3369 inducere
1131 3308 1261 3388 gladium
1285 3310 1382 3370 loreu-

237 3432 297 3493 quo
327 3413 440 3473 crinem
470 3411 602 3473 abscidat
630 3411 794 3480 Alcestidis,
823 3419 897 3481 tem,
935 3429 993 3489 quo
1021 3399 1134 3472 crinem
1163 3409 1304 3472 Alcestidi
1331 3410 1382 3473 ab·

236 3515 329 3574 etsie
352 3512 499 3590 loquitur:
523 3504 543 3594 ἡ
567 3503 597 3574 d'
623 3495 686 3574 οὖν
708 3509 795 3594 γυνὴ
822 3512 945 3576 scindat.
976 3513 1147 3594 Euripidem
1169 3511 1225 3574 hoo
1241 3533 1256 3586 a
1273 3513 1382 3574 Poeuia

236 3633 266 3675 κ.
291 3635 317 3675 τ.
342 3614 370 3674 t.
396 3615 432 3692 (v.
456 3613 591 3694 73-76)
823 3617 946 3696 antiquo
970 3617 1081 3694 tragico
1105 3623 1282 3678 mutuatum.

866 3717 933 3796 (Ubi
962 3719 1154 3780 Pbroenicbo
1182 3737 1238 3798 pro
1269 3720 1383 3779 Poenia
1486 3709 1487 3712 ’

822 3820 1033 3899 corrigendum
1068 3840 1133 3882 esse
1164 3820 1237 3881 vidit
1266 3819 1383 3881 labnius
1450 3875 1451 3878 ,

822 3943 897 3984 rivus.
923 3923 1018 3984 llbeu.
1040 3923 1079 3984 ix
1095 3919 1158 3984 558
1182 3930 1212 3982 et
1234 3923 1383 4002 persuasit

824 4025 957 4086 Nauclrio
981 4034 1055 4103 trag.
1080 4025 1183 4087 Gracc.
1208 4025 1244 4085 ir.
1266 4020 1352 4104 558.)

322 4181 404 4252 Ovvuc
427 4187 526 4241 autem
550 4179 728 4241 antecedunt
750 4178 827 4255 apvrd
843 4179 979 4239 Servium
1008 4177 1116 4240 ‘trabit
1137 4176 1195 4237 boc
1216 4175 1252 4237 de
1274 4177 1382 4238 Alcesti

239 4282 404 4362 Euripidis,
435 4284 485 4361 qui
509 4282 621 4342 inducit
643 4281 824 4342 Mercurium
848 4281 874 4341 ei
898 4299 1013 4341 comam
1036 4287 1201 4346 secantem.
1232 4280 1301 4356 quia
1325 4279 1383 4338 lato

238 4382 354 4464 peribat
382 4386 508 4452 mariti',
538 4384 596 4445 nisi
617 4384 858 4444 commentatoris
885 4381 1009 4444 arbitrio
1033 4382 1104 4443 Orci
1129 4380 1195 4442 loeo
1218 4380 1383 4442 Mercurius

1129 4479 1140 4510 Ο
