3038 4912
583 374 826 416 errocueousua.
1177 437 1180 444 .
1215 354 1275 418 149

129 546 228 610 tritor,
264 543 317 603 llll
348 539 409 603 267
444 550 570 613 tansum,
605 543 678 603 Aen.
709 539 833 603 111263
861 545 972 620 possis,
1006 542 1031 604 X
1064 541 1128 606 432
1160 546 1274 605 adden-

129 652 207 715 sent,
248 641 309 706 727
342 648 432 716 lucit,
468 643 576 707 horum
610 651 736 725 uterque
769 646 793 705 V
819 641 883 709 425
914 649 1062 708 innexuit.
1122 645 1274 724 Duplicenr

130 747 194 825 ipsc
217 749 396 827 scripturam
419 766 464 826 ge.
490 743 593 809 11384
614 749 765 827 reperisse
788 747 920 809 videtur:
944 767 1011 809 nam
1035 747 1134 808 laudat
1149 748 1274 808 Priscia-

129 867 186 910 nus
207 852 327 924 saliere,
360 858 459 911 tamen
481 857 515 934 ut
537 849 624 910 addat
646 848 744 910 Probo
768 851 798 910 ni
820 844 908 910 iallor
931 857 1051 911 auctore
1081 852 1129 911 ‘in
1152 849 1274 928 quibus·
1348 911 1349 914 ,

130 951 196 1012 dam
226 959 324 1011 tamen
354 953 504 1014 invenitur
532 950 685 1012 codicibus
714 953 802 1012 etiarn
828 955 950 1013 saluere
978 953 1156 1031 scriptum',
1185 951 1275 1032 idque

130 1052 227 1114 solum
248 1052 358 1132 probat
379 1053 547 1115 Diomedes.
594 1051 674 1113 Idem
699 1053 887 1115 statuendum
910 1053 947 1114 de
961 1056 1033 1116 den.
1057 1049 1193 1124 X1382,
1217 1071 1275 1132 quo

130 1155 266 1234 exemplo
289 1158 404 1217 inundo
426 1155 514 1216 modo
543 1153 707 1216 absolutam
729 1156 818 1216 modo
849 1157 972 1217 activam
995 1155 1105 1218 babere
1128 1157 1274 1235 significa·

129 1259 239 1318 tionem
270 1259 499 1319 confirmaturus
522 1257 694 1319 Priscianus
720 1256 846 1319 laudatis
874 1258 921 1319 bis
948 1261 1100 1320 inundent
1127 1262 1276 1333 scapulae

124 1361 228 1434 fossas
251 1359 332 1421 addit
353 1378 460 1420 rursus
482 1360 652 1420 ‘invenitur
676 1369 773 1420 tamen
795 1361 826 1422 in
850 1359 1025 1440 quibusdam
1049 1358 1274 1421 codicibus...
1385 1351 1387 1356 ’

129 1464 280 1524 inundant
301 1481 325 1524 e.
346 1462 475 1536 fossae’.
505 1463 546 1522 Ac
569 1463 670 1523 nescio
692 1481 730 1522 an
754 1461 802 1523 bic
818 1479 935 1540 quoque
949 1463 1099 1543 posterior
1114 1463 1273 1542 scriptura,

131 1572 163 1626 ut
185 1584 261 1645 quac
284 1565 458 1642 exquisitior
480 1565 518 1626 sit
540 1571 570 1624 et
591 1566 684 1625 variet
706 1564 867 1625 dictionem
882 1567 953 1625 Aen.
978 1564 1003 1625 X
1026 1561 1068 1625 24
1091 1569 1274 1643 usurpatam,

130 1668 224 1746 magis
247 1665 347 1728 Probo
371 1665 528 1745 placuerit.
574 1667 744 1728 Nexaatem
767 1685 836 1727 vero
858 1668 931 1727 Aen.
956 1668 978 1727 V
999 1663 1064 1728 279
1085 1664 1166 1746 quod
1188 1673 1274 1728 testa-

131 1779 179 1829 tur
191 1769 362 1830 Priscianus
387 1787 494 1829 vereor
515 1787 553 1828 ne
576 1787 665 1847 prava
688 1769 857 1829 coniectura
881 1768 997 1830 Probus
1020 1787 1055 1828 ex
1080 1785 1122 1836 ca,
1147 1786 1223 1848 quae
1246 1776 1276 1828 ct

131 1869 223 1931 multo
233 1869 366 1950 pulcrior
378 1876 467 1934 estat
477 1873 564 1931 nodis
577 1869 703 1931 ablativo
716 1869 949 1939 commendatur.
963 1869 1098 1931 codicum
1107 1872 1143 1931 M
1147 1871 1275 1948 lPVytc

130 1974 277 2053 scriptura
299 1975 456 2034 nixantem
480 1973 637 2034 effinxerit.

214 2127 353 2188 Ceterum
376 2127 551 2188 temerarius
574 2127 612 2187 sit
640 2126 689 2204 qui
715 2133 835 2204 praeter
862 2127 942 2205 ipsas
971 2111 1130 2187 verborum
1153 2127 1273 2193 lormas,
1358 2169 1362 2176 r

131 2229 167 2289 de
190 2229 297 2307 quibus
312 2230 501 2310 praecipiunt
522 2229 714 2307 grammatici,
738 2225 852 2306 reliqua
876 2229 963 2289 etiam
987 2226 1127 2288 vocabula
1151 2226 1275 2306 singulis

130 2331 203 2392 locis
235 2329 350 2391 laudata
382 2330 417 2391 ad
448 2329 538 2391 Probi
570 2331 775 2391 auctoritatem
806 2332 908 2391 nescio
936 2348 1023 2409 quam
1051 2330 1168 2390 relerrc
1195 2327 1273 2389 volit.

130 2433 210 2504 Quae
238 2453 325 2514 quam
356 2433 442 2494 facile
469 2432 551 2494 sallat
581 2434 673 2501 ratio,
704 2451 796 2493 unum
827 2435 921 2494 instar
947 2433 1079 2492 omnium
1106 2430 1273 2511 eucarpium

131 2541 202 2595 esto.
258 2536 425 2618 Georgicon
460 2536 538 2595 enim
562 2531 687 2597 111367
722 2536 764 2596 sic
798 2534 874 2616 apud
903 2535 1087 2596 Priscianum
1116 2533 1154 2595 da
1184 2532 1275 2594 verbo

129 2641 243 2714 niaque
264 2639 497 2718 praecipientem
521 2638 629 2697 lertur:
830 2651 831 2654 ’

367 2796 472 2851 interea
496 2803 555 2850 toto
579 2810 634 2850 uon
657 2795 744 2851 setius
766 2811 895 2868 aequore
918 2794 1034 2868 ninguu,

129 2963 197 3005 cum
214 2942 374 3024 Vergilium
390 2949 464 3005 ue're
486 2943 642 3022 scripsisse
666 2945 760 3004 nostri
783 2943 900 3004 codices
923 2961 1028 3004 omnes
1043 2950 1162 3020 praeter
1177 2941 1274 3002 drun-

129 3046 278 3108 delianum
312 3053 468 3108 testentur.
519 3045 576 3106 Sed
607 3046 657 3105 isti
686 3047 852 3124 scripturae
883 3064 920 3105 ne
948 3043 1019 3123 quid
1048 3043 1162 3107 tribuas
1192 3050 1275 3105 caret

129 3147 204 3209 alter
232 3149 331 3219 locus,
368 3166 455 3228 quem
491 3129 550 3208 una
586 3165 652 3208 cum
685 3146 737 3207 illo
766 3146 919 3207 Charisius
948 3144 1115 3225 exenrplum
1143 3137 1275 3205 ad'vcrbii

126 3253 219 3311 setius
241 3249 347 3320 attulit,
373 3271 407 3310 ex
423 3252 496 3310 Aen.
513 3251 536 3310 V
552 3245 614 3311 862
638 3251 752 3310 ‘currit
774 3250 832 3308 iter
847 3257 941 3309 tutum
958 3267 1018 3309 non
1034 3249 1128 3308 setius
1144 3264 1275 3325 aequore

129 3352 259 3414 classis'
282 3351 369 3414 Unde
385 3349 577 3430 intellegitur,
594 3350 673 3430 quod
690 3337 864 3430 saepissimo
880 3369 936 3412 usu
954 3351 1042 3419 vonit,
1066 3348 1112 3410 rel
1127 3367 1274 3428 gramma·

128 3457 218 3516 ticum
239 3453 294 3514 ¹vel
324 3453 477 3516 librarium
507 3449 612 3514 similis
635 3452 692 3514 loci
717 3452 958 3530 recordationem
981 3450 1133 3513 lelellisse.
1172 3451 1276 3520 ‚Simili

128 3558 290 3618 memoriae
320 3574 423 3616 errore
453 3573 487 3614 ex
517 3557 590 3615 Aen.
615 3551 731 3616 111168
759 3555 842 3616 verbi
874 3558 961 3617 labor
995 3552 1161 3633 exemplum
1196 3552 1275 3633 apud

128 3659 314 3720 Priscianum
336 3657 471 3718 adfertur
494 3658 627 3718 ‘labitur
648 3657 750 3718 infelix
767 3658 876 3719 Dido':
895 3663 931 3720 'at
954 3657 1152 3718 certissimum
1174 3664 1219 3716 cst
1234 3654 1275 3716 ibi

129 3759 289 3839 Vergilium
314 3761 470 3839 scripsisse
493 3758 573 3838 quod
595 3758 626 3819 in
649 3759 785 3820 omnibus
815 3759 900 3821 libris
928 3760 1038 3820 uostris
1062 3765 1140 3819 extat
1161 3760 1272 3830 uritur,

128 3861 170 3922 illi
198 3869 297 3924 autem
326 3863 356 3921 in
386 3869 486 3922 mento
514 3861 607 3922 luisse
635 3862 706 3922 lien.
731 3861 753 3920 V
781 3857 844 3923 329
873 3862 980 3923 ‘Nisus
1008 3860 1117 3922 labitur
1145 3858 1273 3921 inlelix’.

130 3965 192 4026 Nec
216 3967 371 4045 quisquam
395 3964 440 4024 his
463 3963 604 4024 ‘indutus
627 3971 710 4040 terga
733 3961 856 4033 leonis',
886 3980 961 4040 quae
983 3963 1084 4024 laudat
1105 3962 1274 4023 Priscianus

128 4087 158 4147 p.
183 4063 259 4137 797,
290 4066 428 4127 abutetur
458 4067 492 4127 ad
523 4065 739 4127 emendandum
761 4064 833 4127 Aen.
858 4062 1003 4126 1111666.
1054 4065 1094 4125 Cl.
1121 4071 1274 4144 praeterea

128 4169 164 4232 ad
186 4172 258 4231 Aen.
284 4169 333 4229 Vll
357 4167 416 4232 731
443 4177 471 4229 ct
492 4169 518 4230 X
540 4165 601 4230 677
626 4167 771 4229 adnotata.

117 4359 119 4364 ·
214 4323 275 4385 lam
300 4341 369 4383 vero
398 4321 556 4384 dicendum
585 4323 622 4384 de
651 4326 730 4384 uotis
751 4324 875 4392 criticis,
912 4339 985 4400 quas
1006 4319 1273 4382 Alexandrinorum

128 4426 388 4505 grammaticorum
427 4423 563 4504 exemplo
597 4432 666 4503 post
695 4425 908 4502 Vargunteium
937 4431 966 4484 et
992 4421 1108 4483 Aelium
1131 4421 1273 4483 Stilonem
