3038 4912
561 344 806 389 reoxnoormuu.
1193 281 1255 390 116

104 512 186 591 gilii,
221 515 270 593 qui
299 513 337 574 dc
365 511 510 590 Sallustio
533 512 677 574 Cicerone
704 512 786 574 Livio
814 511 926 574 Catullo
955 516 1162 592 grammaticas
1193 531 1279 590 ma,

109 617 190 676 xima
214 617 404 693 quaestiones
426 615 567 685 instituit,
592 616 679 676 etiam
701 614 831 678 lilarouis
853 617 899 676 sui
921 633 1015 694 genus
1037 616 1154 678 dicendi
1176 635 1256 678 com·

107 717 272 779 montariis.
297 715 473 797 quibusdam
506 715 552 777 vel
585 735 651 810 per·
673 715 815 796 epistulas
846 717 877 778 iu
910 717 1051 780 iudicium
1081 720 1253 780 vocavisset.

108 818 183 880 Nam
198 819 352 897 quidquid
375 819 411 881 de
434 818 481 880 his
504 819 597 881 Asinii
619 817 724 879 studiis
746 816 886 880 traditum
911 828 969 890 est,
999 827 1114 901 spectat
1137 821 1174 883 ad
1196 822 1256 882 siu·

110 919 178 999 gula
202 921 345 983 vocabula
369 920 561 1001 singulasque
585 919 742 982 verborum
765 921 876 982 lormas
894 922 1117 984 examinandas:
1141 924 1259 1002 negavit

109 1031 331 1102 transgressum
367 1025 485 1084 navium
520 1031 780 1101 transgressosque
813 1021 921 1084 milites
953 1032 1036 1085 recte
1069 1043 1085 1086 a
1117 1024 1258 1086 Sallustio

110 1125 181 1202 dici,
205 1124 307 1186 docuit
329 1125 491 1205 pugillares
508 1123 622 1186 Catullo
644 1144 703 1185 non
718 1121 874 1205 pugillaria
890 1125 1049 1189 dicendum
1064 1127 1169 1197 luisse,
1184 1128 1255 1186 item

115 1229 294 1307 vituperavit
316 1228 437 1288 nimiam
454 1229 484 1288 iu
501 1227 639 1288 Sallustio
654 1228 824 1307 priscorum
840 1226 999 1290 verborum
1020 1228 1258 1298 adfectationem,

112 1331 273 1390 insectatus
296 1335 341 1390 est
363 1331 430 1390 vitia
454 1331 597 1390 orationis
618 1329 841 1395 Ciceronianae,
863 1329 1087 1392 Patavinitatem
1111 1329 1258 1408 quandam
1348 1329 1374 1342 ”

113 1431 185 1492 Livii
207 1450 266 1492 nou
288 1432 386 1511 potuit
409 1432 465 1492 nisi
496 1433 526 1491 in
554 1437 704 1492 certarum
732 1429 918 1511 quarundam
947 1451 1050 1494 vocum
1080 1451 1134 1494 usu
1161 1434 1260 1493 minus

112 1530 228 1594 urbano
244 1531 487 1612 deprehendere:
504 1551 594 1612 porro
610 1536 723 1612 ‘puer’
740 1533 828 1595 etiam
843 1535 988 1596 leminino
1003 1553 1114 1613 genere
1130 1537 1161 1596 iu
1176 1533 1261 1596 Nelei
1288 1515 1290 1522 ’

114 1636 246 1696 carmine
268 1637 407 1714 usurpari
437 1633 601 1704 adnotavit,
639 1643 759 1696 nactum
782 1634 895 1714 absque
918 1655 937 1698 u
961 1636 1152 1699 scribendum
1175 1655 1261 1716 prae·

114 1739 207 1816 cepit.
234 1736 399 1798 Videndum
415 1738 506 1815 igitur
521 1755 593 1798 uum
616 1737 651 1797 ad
675 1738 751 1800 hanc
774 1737 938 1800 studiorum
961 1739 1091 1801 indolem
1115 1737 1263 1816 quadrent

114 1857 190 1916 quae
212 1839 354 1900 Pollionis
376 1841 497 1900 nomine
526 1839 562 1899 ad
586 1839 748 1900 Aeneidem
777 1839 927 1902 adnotavit
951 1841 1086 1902 Servius.

201 1943 241 2002 Ac
258 1943 386 2020 primum
402 1939 485 2000 valde
500 1942 632 2021 ineptam
649 1941 809 2002 verborum
825 1944 902 2019 ‘quis
919 1941 985 2004 talia
1000 1942 1091 2004 laudo
1102 1943 1262 2022 Myrmido-

114 2063 186 2106 num
202 2044 385 2124 liolopumve
398 2051 448 2104 aut
459 2043 528 2105 duri
543 2042 630 2104 miles
642 2042 718 2104 Ulixi
730 2051 904 2122 temperata
916 2044 1063 2106 lacrimis’
1077 2045 1112 2124 (ll
1125 2043 1154 2123 l)
1168 2043 1260 2125 expli·
1300 2069 1303 2076 ¹

116 2148 262 2208 catiouem
285 2144 430 2224 legimus,
454 2165 543 2225 quam
565 2143 614 2206 ille
637 2147 744 2206 merito
767 2146 934 2225 repudiavit
956 2146 1015 2208 lris:
1041 2146 1132 2208 ‘illud
1154 2155 1261 2215 autent,

117 2249 194 2336 quod
225 2248 317 2310 Pollio
348 2247 435 2317 dicit,
465 2255 547 2309 caret
574 2249 703 2316 ratione,
733 2248 770 2308 de
798 2247 1016 2332 Achaemenide
1044 2248 1154 2310 dictum
1181 2251 1265 2309 miles

120 2353 221 2426 illici,
256 2349 455 2430 Myrmidonas
486 2367 555 2410 vero
579 2358 607 2410 et.
629 2349 756 2429 liolopas
777 2357 952 2430 praesentes
979 2368 1046 2411 esse
1068 2359 1206 2429 acceptos
1228 2349 1265 2411 ab

119 2453 251 2521 lleleuo;
282 2454 325 2512 sic
348 2453 427 2513 enim
449 2451 596 2530 lrangitur
619 2450 689 2512 dicti
711 2453 865 2530 diguitas'
917 2433 1033 2514 Putavit
1060 2453 1150 2531 igitur
1172 2452 1265 2514 Pollio

117 2556 175 2614 iste
211 2554 315 2616 adosse
352 2556 402 2633 qui
430 2572 456 2613 v.
493 2552 510 2615 'l
544 2555 746 2633 significantur
785 2561 815 2615 et
840 2554 1039 2634 Myrmidones
1066 2555 1264 2635 Dolopesque,

123 2675 251 2736 quorum
274 2656 389 2717 scilicet
412 2657 495 2734 copia
512 2654 653 2725 llelcuus,
677 2657 831 2734 ‘coniugio
846 2657 989 2718 Aeacidae
1003 2651 1110 2738 Pyrrhi
1125 2659 1265 2737 sceptris·

117 2743 183 2838 vque
205 2761 333 2838 potitus'
359 2758 413 2835 (ΙΙΙΙ
429 2753 512 2832 296),
537 2760 692 2836 remigium
705 2759 821 2820 Aeneae
844 2758 1027 2840 suppleverit
1049 2757 1141 2838 (471),
1166 2767 1194 2819 et
1216 2760 1267 2838 qui
1322 2817 1327 2828 ,

123 2861 159 2922 ad
179 2858 340 2942 Cyclopum
363 2878 432 2921 oras
454 2859 582 2938 adlapsis
605 2859 668 2920 dira
691 2861 766 2922 lacte
789 2879 821 2920 se
845 2859 960 2922 obviam
982 2859 1090 2922 tulerat
1111 2869 1266 2940 exceptus·

123 2981 183 3042 que
214 2963 250 3024 au
273 2962 400 3024 Anchisa
428 2960 571 3022 benevole
600 2969 665 3022 erat
693 2961 740 3036 (ΙΙΙ
763 2959 835 3038 610)
866 2963 990 3025 ‘comes
1013 2963 1140 3025 infelicis
1162 2963 1267 3038 Ulixi’,

124 3064 379 3127 Achaemeniden:
415 3065 500 3141 quasi
528 3081 598 3124 vero
625 3062 657 3122 hi
683 3064 762 3124 iuter
791 3082 894 3126 omues
921 3065 1061 3126 mortales
1087 3066 1208 3126 minime
1231 3066 1267 3126 ad

124 3165 263 3228 lacrimas
285 3168 398 3228 moveri
419 3172 552 3246 possent.
597 3163 684 3225 Tales
707 3165 826 3242 quidem
850 3168 976 3247 ineptias
998 3165 1128 3246 prolatas
1150 3166 1187 3227 ab
1203 3168 1266 3228 Asi-

123 3271 173 3330 nio
195 3289 260 3330 esse
282 3271 349 3349 quis
372 3288 432 3330 uon
454 3266 630 3329 mirabitur?

207 3373 268 3434 Nec
291 3391 327 3456 ex
351 3373 415 3433 eius
438 3389 527 3450 quem
551 3389 641 3451 supra
664 3369 809 3450 descripsi
825 3389 908 3432 more
931 3379 980 3431 aut
995 3372 1115 3450 ingenio
1130 3371 1267 3434 videntur

124 3477 254 3552 argutiae
277 3492 352 3544 esse,
376 3472 484 3552 quibus
505 3472 630 3534 ‘auras'
653 3475 725 3535 Aen.
742 3473 778 3532 Vl
793 3469 855 3536 561
877 3472 984 3534 dicitur
999 3474 1094 3536 Pollio
1114 3493 1165 3535 eas
1180 3473 1268 3534 intel·

125 3576 243 3647 texisse,
268 3593 341 3654 quos
363 3578 478 3638 Aeneas
501 3584 530 3636 et
553 3575 663 3657 Sibylla
686 3575 723 3636 de
746 3577 864 3656 superis
887 3595 989 3648 secum
1017 3585 1184 3647 traxerant,
1208 3595 1268 3637 non

126 3697 185 3749 eas,
203 3679 312 3759 quibus
326 3679 440 3740 iuleros
455 3695 576 3758 quoque
590 3679 671 3740 vesci
687 3676 779 3739 multo
794 3678 973 3758 prudentius
988 3680 1109 3741 Servius
1125 3677 1271 3740 conclusit

126 3803 161 3844 ex
176 3803 203 3844 v.
218 3780 283 3846 554
305 3785 381 3844 ‘stat
401 3783 499 3842 lerrea
514 3782 607 3842 turris
622 3779 664 3840 ad
674 3784 790 3849 auras',
814 3779 865 3840 ubi
880 3780 954 3842 haec
969 3782 1133 3844 adnotavit:
1158 3785 1270 3843 ‘auras

125 3893 222 3947 autem
245 3885 352 3948 inieris
367 3901 520 3963 congruas
542 3883 740 3962 intelligamus
753 3917 791 3927 -
805 3915 846 3927 -
862 3883 899 3945 de
921 3883 972 3945 illo
996 3887 1075 3946 enim
1097 3885 1164 3945 loco
1186 3883 1271 3945 multi

126 3967 285 4066 quaerunt:
309 3991 499 4066 pristamus
513 3989 642 4061 claugor
664 3981 707 4047 u'd
727 3990 846 4048 ouras?
869 3994 899 4046 et
914 3986 1006 4048 Pollio
1023 3985 1094 4047 dicit
1108 3989 1225 4048 Aeneae
1242 3995 1271 4046 et

127 4090 256 4170 Sibyllae
270 4109 344 4171 quas
359 4089 402 4150 illi
412 4107 513 4150 secum
525 4095 686 4158 traxerant,
703 4107 769 4150 cum
783 4097 900 4152 constet
912 4108 977 4150 esse
989 4091 1076 4150 etiam
1087 4089 1148 4150 illic
1160 4093 1270 4151 auras?

126 4193 270 4272 Equidem
293 4193 442 4272 egregiam
464 4191 589 4253 Palatini
615 4194 701 4253 ouria
726 4194 906 4272 scripturam
932 4192 1074 4272 praetuli,
1102 4211 1159 4272 qua
1186 4211 1271 4254 cave-

128 4302 177 4355 tur
198 4313 236 4354 ne
258 4295 303 4355 bis
322 4297 401 4355 intra
421 4311 532 4375 paucos
554 4293 714 4356 versiculos
736 4313 825 4355 ausus
846 4297 885 4356 sit
911 4302 997 4372 poeta
1023 4295 1102 4374 quod
1128 4313 1271 4374 nusquam

128 4403 285 4477 praeterea
308 4397 434 4467 admisit,
459 4416 525 4458 cum
549 4396 621 4457 solis
644 4396 764 4458 sedibus
785 4397 943 4459 beatorum
965 4395 1087 4458 aethera
1109 4415 1135 4456 v.
1157 4391 1221 4457 640
1243 4404 1273 4456 et

1023 4495 1068 4559 8*
