3038 4912
553 345 797 390 aaoanoonnns.
1205 321 1247 390 93

90 517 207 578 missas
240 515 277 578 ab
305 515 370 594 ipso
393 517 526 593 Augusto
548 514 688 596 reliquias
711 515 812 595 operis
840 513 931 574 diuini
954 520 1032 574 tanta
1061 513 1248 592 neglegentia

92 639 176 689 esse,
201 625 234 679 ut
250 615 391 680 schedula
411 617 507 695 aliqua
529 626 632 697 posset
653 616 698 680 vel
721 616 895 678 delitescere
912 615 956 676 vel
972 615 1077 686 amitti,
1101 624 1131 678 et
1144 618 1248 678 neseio

93 723 149 782 cui
172 718 266 782 multo
289 728 356 798 post
379 719 437 782 tale
459 713 599 799 ἕρμαιον
622 720 754 799 potuisse
777 717 941 796 obtingere.

182 822 285 884 Restat
306 823 397 900 igitur
426 823 563 891 tertium,
592 829 625 882 ut
651 823 746 883 latear
774 839 874 882 verum
903 819 1008 882 vidisse
1036 821 1067 880 in
1089 819 1188 882 lllinoe
1216 840 1245 901 p.

99 923 165 988 173
188 945 232 1005 sq.
261 925 444 1004 Gruppium,
480 925 530 1001 qui
559 924 660 986 statuit
689 923 725 986 ab
747 921 962 1002 interpolatore
985 921 1121 984 versibus
1141 919 1247 984 567-

92 1024 160 1090 588
183 1025 350 1106 suppletam
374 1043 442 1088 esse
461 1025 609 1097 lacunam,
634 1043 721 1104 qoam
738 1022 863 1086 oonsilio
881 1022 1026 1100 Vergilius
1039 1025 1159 1086 interim
1175 1025 1246 1086 dum

96 1131 250 1207 graviora·
273 1109 463 1206 persequitur
491 1127 664 1189 transmisit.
719 1127 760 1188 Ac
793 1133 863 1188 sunt
890 1143 963 1188 sane
990 1143 1065 1204 quae
1093 1145 1131 1186 ne
1159 1144 1248 1205 posse

97 1229 223 1311 quidem
246 1227 406 1308 Vergilium
430 1236 581 1290 auctorem
606 1245 709 1290 eorum
740 1229 830 1289 luisse
859 1211 992 1290 doceant.
1043 1227 1117 1290 Nam
1145 1229 1170 1288 si
1199 1247 1245 1290 er·

96 1335 180 1395 ranti
201 1351 256 1412 per
279 1349 377 1393 arcem
408 1331 497 1392 ‘dant
519 1330 647 1394 claram’
681 1331 734 1410 (sio
762 1315 842 1391 enim
870 1328 970 1390 malim
998 1328 1134 1391 scribere
1159 1349 1246 1410 qnam

97 1434 228 1512 ‘clara'l
251 1432 400 1494 ‘incendia
423 1431 538 1493 lucem'
574 1451 597 1493 v.
622 1428 701 1502 569,
736 1433 844 1493 mirum
874 1430 952 1509 quod
981 1449 1007 1491 v.
1029 1427 1093 1494 590
1120 1432 1248 1511 prodigii

67 1529 71 1534 “
97 1539 195 1598 instar
218 1541 309 1614 ‘pura
332 1542 527 1614 pernoctem
552 1536 582 1595 in
605 1533 669 1594 luce
692 1532 862 1611 refulgens’
886 1535 985 1594 Venus
1007 1535 1128 1613 ponitur
1152 1534 1245 1611 quod·

97 1655 159 1717 que
184 1655 208 1698 ι.
232 1633 295 1698 605
317 1636 414 1698 nubes
435 1636 534 1698 umida
557 1637 637 1696 visus
658 1636 775 1696 Aeneae
798 1633 924 1713 seligere
947 1635 1065 1696 dicitur.
1110 1635 1147 1698 Et
1169 1634 1246 1715 quod

99 1747 250 1800 monstrat
272 1737 334 1798 salio
357 1737 455 1800 Venus
478 1737 526 1798 bic
549 1737 719 1817 Neptunum
742 1754 845 1798 muros
868 1737 1065 1807 evertentem,
1089 1735 1137 1798 bic
1159 1736 1246 1798 luno·

99 1857 170 1902 nem
193 1846 296 1919 portas
318 1847 470 1901 tenentem
493 1839 647 1919 sociosque
670 1859 686 1900 a
709 1837 833 1900 navibus
855 1846 1024 1908 vocantem,
1048 1858 1063 1900 a
1087 1845 1171 1916 tergo
1195 1839 1245 1899 de·
1307 1917 1308 1920 Ἴ

98 1944 193 2021 nique
222 1960 352 2004 summas
380 1959 466 2002 arces
493 1941 673 2002 insidentem
695 1939 873 2010 Minervam,
907 1942 987 2002 unde
1021 1941 1078 2001 nisi
1112 1939 1148 2000 ab
1181 1942 1246 2020 ipso

99 2043 234 2105 culmine
257 2044 366 2120 regiae,
391 2061 450 2123 quo
473 2062 498 2103 v.
514 2039 577 2105 458
600 2049 742 2112 eraserat,
766 2043 797 2102 in
821 2048 879 2102 tarn
896 2041 1026 2105 diversas
1041 2049 1141 2121 partes
1157 2042 1246 2122 dispi-

98 2163 174 2206 cere
197 2145 333 2224 poteraut
363 2152 396 2205 ut
424 2144 461 2206 ab
489 2143 546 2206 hoc
574 2146 639 2224 ipso
663 2163 689 2204 v.
711 2139 774 2204 632
801 2142 920 2205 demum
949 2143 1007 2204 dici
1034 2142 1168 2206 videatur
1195 2145 1246 2204 de·

97 2246 257 2320 scendere.
289 2247 350 2308 Nec
365 2245 454 2306 verba
478 2245 561 2316 deae,
586 2245 694 2323 quibus
716 2246 840 2324 castigat
862 2246 922 2306 iras
945 2263 1107 2325 caecosque
1129 2247 1248 2307 furores

98 2350 233 2418 Aeneae,
269 2347 336 2409 talia
365 2354 449 2417 sunt,
484 2355 605 2409 utnon
634 2347 690 2409 alia
713 2365 808 2425 eaque
829 2348 943 2429 aptiora
965 2349 1081 2427 possint
1103 2345 1245 2427 suppleri.

99 2451 176 2512 Nam
199 2456 365 2529 prostratae
388 2451 488 2528 regiae
510 2455 631 2529 aspectu
660 2456 777 2530 poterat
807 2448 919 2528 abripi,
951 2457 983 2510 ut
1012 2449 1049 2510 de
1079 2447 1248 2512 ulciscenda

100 2553 216 2632 patriae
239 2554 324 2613 ruina
347 2569 530 2630 suorumque
553 2551 643 2612 caede
666 2554 799 2631 cogitans
814 2551 877 2613 dira
892 2553 1100 2632 inprecaretur
1116 2552 1248 2629 quamvis

102 2653 281 2716 absentibus
304 2654 434 2716 llclenae
458 2661 490 2740 et
509 2653 606 2714 Paridi
629 2663 661 2714 ut
684 2654 829 2718 malorum
858 2652 1045 2722 auctoribus,
1074 2661 1248 2735 poteratque

105 2758 194 2818 ctiam
219 2757 247 2817 in
271 2776 306 2816 eo
331 2739 395 2817 esse
418 2765 451 2816 ut
479 2739 514 2816 ad
544 2755 703 2816 sumendas
733 2775 846 2836 poenas
872 2764 1062 2837 properaret,
1092 2775 1159 2818 curn
1189 2759 1248 2817 visa

108 2865 205 2918 mater
227 2860 395 2920 contineret
416 2866 587 2918 currentem
611 2864 640 2917 et
662 2859 837 2918 resuscitata
858 2864 1015 2937 parentum
1040 2856 1150 2937 filiique
1174 2875 1249 2935 quae

103 2960 164 3020 iam
188 2967 275 3020 antea
298 2978 322 3019 v.
345 2955 408 3020 562
432 2959 564 3020 subierat
591 2978 661 3020 cura
685 2958 808 3019 meliora
831 2959 868 3019 de
895 2961 972 3020 veris
994 2959 1098 3020 ruinae
1121 2961 1248 3021 astatori-

100 3059 159 3122 bus
181 3059 310 3122 doceret.
1337 3047 1339 3052 ⁵

188 3163 310 3224 Accedit
333 3162 421 3241 quod,
447 3164 562 3225 etiamsi
585 3163 700 3240 reliqua
723 3162 891 3241 Vergiliano
920 3162 1037 3224 dicendi
1060 3163 1163 3241 generi
1187 3179 1247 3222 non

105 3282 275 3344 repugnare
292 3264 448 3334 concedas,
473 3273 571 3326 tamen
588 3283 643 3326 nee
666 3264 845 3326 ‘sceleratas
861 3283 979 3326 sumere
994 3271 1118 3344 poenas’
1142 3282 1168 3324 v.
1184 3262 1247 3326 576

106 3385 163 3428 nec
185 3367 367 3447 ‘sumpsisse
390 3369 535 3428 merentis
557 3370 686 3446 poenas’
716 3386 744 3428 ι.
766 3365 830 3428 585
853 3387 908 3428 noc
937 3367 1084 3428 ‘asinium
1113 3365 1248 3446 explesse
1333 3389 1334 3392 ¹

103 3468 221 3530 ultricis
244 3469 396 3530 llammae’
422 3488 447 3530 ι,
463 3466 525 3530 687
550 3468 693 3530 dictiones
716 3486 772 3530 noc
795 3489 897 3531 versus
911 3467 974 3530 579
995 3487 1067 3546 (luas
1083 3471 1249 3548 Wagnerus

104 3571 319 3632 demonstravit
345 3572 475 3649 ineptiae
503 3589 558 3631 neu
587 3574 707 3632 omnino
735 3572 959 3634 meditationum
989 3572 1058 3632 inde
1088 3591 1102 3632 a
1131 3591 1156 3632 ι.
1185 3569 1248 3634 663

104 3674 238 3749 argutiae
263 3680 292 3732 ct
314 3671 454 3751 ambages
476 3671 594 3752 plaeere
618 3682 752 3753 possunt.

188 3772 287 3854 ltaque
323 3772 423 3836 malim
456 3776 592 3853 prolecto
625 3776 656 3835 in
692 3784 774 3836 textu
796 3778 948 3848 Aeneidis,
984 3794 1072 3855 quom
1106 3785 1248 3854 quantum

105 3875 176 3936 lieri
197 3883 315 3954 poterat
337 3894 458 3936 manuni
481 3873 603 3952 Vergilii
624 3876 719 3956 qualis
742 3877 778 3937 ab
801 3879 902 3938 amicis
921 3886 1037 3956 roperta
1062 3889 1107 3938 est
1128 3897 1248 3958 reprae-

102 3983 226 4037 sentare
249 3977 344 4047 volui,
374 3996 422 4038 me
445 3979 564 4039 omissis
587 3981 637 4056 qui
666 3955 840 4041 auctoritate
870 3978 1002 4040 destituti
1024 3987 1094 4040 stud
1116 3981 1249 4041 versibus

102 4073 275 4138 ost-588
299 4079 432 4142 lacurnam
457 4081 596 4142 statuisse
619 4097 706 4158 quam
722 4079 859 4142 intulisse
874 4084 1008 4160 quamvis
1023 4082 1247 4161 cirumscripta

100 4180 187 4238 urreis
210 4179 298 4241 alieni
321 4183 434 4260 ingenii
456 4191 632 4244 conamenta.
712 4229 716 4232 -ι

100 4295 107 4302 ’
187 4282 246 4342 Sed
269 4282 298 4342 id
322 4282 435 4354 dubito,
459 4303 530 4344 num
554 4284 733 4366 bibliopolae
755 4290 848 4374 gratia
871 4289 987 4348 antidoti
1009 4288 1067 4346 sint
1088 4286 1118 4346 bi
1136 4301 1246 4349 versus

101 4383 184 4458 Quae
207 4386 338 4464 suspicio
367 4403 547 4465 quamquam
578 4409 593 4450 a
623 4387 834 4470 probabilitate
862 4407 916 4468 per
944 4389 1065 4450 senon
1088 4386 1246 4462 'alslrorret
