3038 4912
266 351 308 417 64
717 371 961 418 33033333333.

265 545 322 603 iam
347 549 443 603 aetate
465 541 542 602 hanc
565 539 702 602 tabellam
726 559 848 602 narrare
871 539 991 601 solitum
1009 557 1073 599 esse
1089 539 1195 602 Donati
1217 547 1322 601 auctor
1337 541 1412 602 Sue·

266 645 365 705 tonius
388 652 553 723 acceperat,
577 644 722 722 suspicor,
746 644 771 703 si
787 641 906 722 quidem
923 641 1062 711 narravit,
1087 640 1131 701 rel
1146 643 1289 702 memoria
1306 640 1413 704 falsum

266 745 312 806 vel
335 744 421 806 senili
448 739 599 807 fabulandi
622 745 718 806 studio
741 753 858 825 captum
881 742 954 805 illud
978 749 1060 804 certe
1083 743 1120 804 de
1136 743 1235 805 verbis
1258 747 1337 823 ‘quo
1352 763 1413 806 non

267 850 466 927 praestantior
496 846 587 908 alter'
619 848 749 910 finxisse.
790 847 831 908 lto
854 846 975 908 Servius
1003 845 1097 908 solum
1126 844 1183 907 boo
1211 847 1413 926 ‘Martemque

268 951 433 1012 accendere
464 954 574 1013 cantu'
602 949 822 1011 hemistichium
851 968 867 1009 a
896 950 1040 1010 recitante
1068 955 1156 1028 poeta
1184 948 1316 1011 additum
1345 967 1413 1010 esse

227 1135 228 1138 Ἴ
266 1052 365 1122 tradit,
390 1050 590 1132 quodminus
614 1073 630 1112 a
652 1050 861 1132 probabilitate
883 1049 1034 1112 abhorret.

351 1155 424 1216 Nam
447 1155 559 1215 nimius
582 1162 627 1216 est
649 1153 790 1223 ConradS,
821 1155 871 1232 qui
900 1155 1040 1215 recitatos
1068 1159 1193 1233 aposta
1222 1171 1326 1216 versus
1354 1172 1414 1215 nou

267 1258 358 1318 luisse
380 1257 437 1317 uisi
459 1255 564 1336 plenos
587 1263 721 1318 statuens
744 1255 783 1336 (p.
806 1255 910 1316 XXVII
933 1255 988 1336 sq.)
1011 1255 1091 1316 huno
1114 1273 1232 1317 versum
1258 1252 1319 1317 165
1346 1263 1414 1316 ante

266 1360 470 1420 recitationem
501 1357 664 1439 expletum,
694 1357 807 1438 reliqua
836 1375 906 1419 vero
934 1359 964 1417 in
993 1360 1035 1420 eis
1063 1357 1148 1419 libris
1175 1375 1251 1436 quos
1279 1358 1415 1418 recitavit
1441 1373 1443 1378 ’

268 1459 458 1522 hemistichia
481 1468 583 1540 postea
606 1461 643 1521 ab
667 1477 702 1521 eo
730 1461 885 1521 interiecta
913 1477 977 1522 esse
1000 1460 1135 1521 coniecit.
1180 1460 1274 1531 Quam
1296 1461 1414 1520 coniec-

179 1625 185 1635 ,
266 1571 363 1624 turam
386 1563 478 1623 miror
501 1560 649 1641 quomodo
670 1560 749 1622 velut
769 1579 824 1642 per
846 1569 982 1642 quartum
999 1560 1107 1622 librum
1130 1569 1343 1642 persecuturus
1365 1563 1413 1623 sit.

268 1665 300 1726 ln
324 1671 427 1725 nostro
451 1662 570 1743 quidem
594 1682 648 1744 per
670 1683 702 1725 se
730 1665 811 1739 credi
839 1671 938 1745 potest
966 1664 1106 1725 secundis
1135 1665 1216 1725 curis
1238 1682 1281 1724 vv.
1305 1661 1346 1725 93
1369 1682 1414 1742 sq.

266 1769 396 1828 insertos
430 1771 459 1826 et
487 1767 518 1827 in
553 1765 678 1828 schedas
708 1768 859 1827 coniectos
888 1784 953 1827 esse
987 1758 1170 1836 826-835,
1200 1766 1228 1826 id
1260 1766 1339 1844 qood
1369 1765 1415 1826 vel

270 1867 406 1929 turbatus
427 1869 458 1928 in
481 1864 662 1928 librisbrdo
688 1868 821 1930 indicare
843 1867 968 1928 videtur.
1008 1867 1082 1929 Nam
1104 1870 1182 1929 inter
1204 1868 1358 1929 Camillum
1387 1875 1417 1928 et

269 1971 445 2032 Mummium
462 1967 596 2031 Caesaris
618 1978 647 2029 et
669 1970 793 2050 Pompei
814 1969 925 2032 bellum
948 1969 1034 2030 civile
1056 1971 1216 2031 inmiscere
1237 1971 1323 2031 cuius
1344 1971 1417 2030 artis
1486 1979 1489 1984 ’

270 2074 308 2134 sit
331 2091 385 2151 ego
409 2070 528 2150 quidem
552 2088 612 2131 non
634 2073 794 2152 perspicio.
832 2074 1026 2150 Quamquam,
1051 2074 1076 2133 si
1098 2072 1147 2133 1113
1170 2089 1288 2151 quoque
1312 2073 1417 2133 recita·

269 2176 359 2236 visset
382 2181 478 2254 poeta,
503 2173 628 2251 Augusti
651 2192 738 2235 aures
761 2175 947 2236 offensurum
962 2176 1054 2236 luisse
1070 2175 1192 2235 minhne
1207 2172 1353 2234 concedo:
1379 2191 1416 2233 an

270 2276 385 2338 nullum
410 2284 472 2337 erat
495 2273 665 2336 attendendi
692 2275 874 2355 periculum,
903 2278 928 2337 si
956 2278 986 2338 in
1014 2283 1126 2337 textum
1159 2283 1279 2356 recepta
1307 2275 1416 2336 edidit?

271 2398 307 2440 an
331 2377 414 2440 civile
436 2377 548 2439 bellum
572 2379 656 2456 queri
679 2385 767 2458 atque
789 2378 932 2440 detestari
954 2379 1039 2438 veriti
1061 2385 1131 2439 sunt
1151 2386 1256 2456 poetae
1273 2377 1417 2438 Romani?

356 2482 478 2541 Primus
492 2479 630 2540 Aeneidis
653 2478 729 2540 liber
753 2489 782 2541 et
803 2488 927 2560 propter
942 2478 1064 2541 [lidonis
1079 2497 1210 2542 amorem
1226 2487 1333 2560 quarto
1349 2489 1417 2558 apte

270 2579 519 2664 praemittebatur
548 2589 576 2642 et
605 2583 655 2660 qui
680 2584 812 2661 Augusto
841 2591 908 2645 ante
941 2581 1014 2644 alios
1047 2584 1223 2644 recitaretur
1255 2580 1418 2663 praeclaris

272 2685 347 2745 lovis
369 2682 406 2743 de
429 2684 554 2744 Veneris
576 2683 661 2764 prole
683 2686 836 2764 promissis
858 2687 1003 2763 regnique
1025 2684 1095 2746 inde
1118 2685 1156 2746 ab
1179 2684 1240 2746 lulo
1262 2702 1356 2764 usque
1381 2684 1416 2744 ad

271 2787 427 2847 Caesarem
457 2786 649 2848 Octavianum
677 2785 797 2849 deducti
828 2786 963 2850 laudibus
995 2783 1065 2867 (257
1089 2785 1164 2867 sqq.)
1200 2788 1328 2848 maxime
1356 2804 1418 2845 me-

271 2888 402 2951 rebatur.
1373 2949 1377 2958 ,

356 2991 429 3052 Cum
452 2997 551 3052 autern
574 2989 706 3052 clausum
730 2993 768 3052 sit
790 2990 827 3052 ab
843 2992 1002 3054 Octaviano
1026 3012 1061 3054 ex
1085 2994 1201 3054 oriente
1223 2992 1346 3053 Romam
1370 3008 1418 3051 re·

261 3095 346 3156 'deice
369 3094 431 3154 lani
453 3092 604 3173 templum,
628 3092 659 3154 id
681 3092 759 3173 quod
782 3112 826 3153 vv.
838 3091 910 3156 289.
932 3092 996 3156 293
1012 3115 1076 3175 sqq.
1100 3096 1238 3174 tangitur,
1263 3113 1340 3156 auno
1357 3091 1420 3155 726

273 3206 342 3276 post
369 3193 538 3276 triumphos
566 3193 686 3256 Sextilis
715 3198 826 3258 mensis
854 3196 959 3258 diebus
987 3197 1033 3258 Vl.
1057 3196 1116 3259 Vll.
1145 3196 1209 3257 Vlll
1237 3207 1334 3265 actos,
1362 3214 1420 3256 uec

276 3307 399 3380 propter
427 3299 551 3358 orientis
586 3297 680 3378 spolia
708 3316 734 3358 v.
762 3295 826 3360 289
854 3306 1083 3361 commemorata
1113 3308 1143 3360 et
1170 3306 1309 3361 aeternae
1336 3300 1420 3378 pacis

274 3419 358 3481 spem
383 3417 408 3459 v.
432 3397 493 3460 291
519 3418 691 3480 expressam
720 3400 876 3480 probabile
904 3403 943 3462 sit
963 3403 1116 3482 respicere
1138 3408 1257 3481 poetam
1281 3400 1346 3462 loco
1368 3400 1420 3460 illo

273 3501 407 3563 clausum
436 3503 546 3563 iterum
574 3501 611 3563 ab
640 3502 745 3563 eodem
775 3503 901 3565 Caesare
930 3504 1052 3566 devictis
1075 3502 1229 3565 Cantabris
1257 3499 1420 3564 3333729

274 3603 338 3666 1331
359 3603 515 3684 templum,
541 3605 685 3684 sequitur,
709 3607 787 3667 inter
810 3605 952 3667 Sextilem
975 3609 1045 3668 anni
1068 3603 1131 3668 725
1159 3614 1187 3668 31
1209 3613 1328 3686 apertas
1350 3605 1420 3665 anni

274 3703 334 3767 727
359 3713 470 3767 aestate
492 3713 618 3787 propter
634 3707 796 3770 Cantabros
818 3708 881 3769 lani
903 3717 1013 3788 portas,
1037 3710 1127 3769 immo
1144 3711 1232 3770 etiarn
1249 3717 1316 3769 ante
1331 3706 1421 3768 huius

275 3810 342 3869 anni
366 3808 459 3880 diem,
489 3827 548 3889 quo
570 3813 720 3888 Augustus
742 3809 884 3891 appellari
907 3813 1004 3891 coepit
1027 3812 1214 3881 Octavianus
1238 3799 1316 3870 n'e.
1340 3827 1366 3869 a.
1391 3809 1420 3869 d.

275 3909 536 3974 titillantem.
561 3911 640 3972 buno
664 3911 732 3972 libri
759 3915 847 3993 primi
876 3913 973 3974 locum
1000 3915 1197 3994 compositum
1233 3930 1314 3974 esse:
1351 3929 1421 3971 nam

220 4041 227 4054 ν
276 4013 383 4074 Caesar
406 4013 515 4076 dicitur
538 4033 563 4075 v.
585 4011 657 4084 286,
681 4023 711 4076 31
733 4017 882 4093 dirgustus
905 4017 1013 4077 Caesar
1035 4017 1073 4077 Vl
1097 4012 1168 4078 792.
1220 4017 1261 4076 Ac
1284 4033 1322 4074 ne
1345 4015 1422 4074 reci·

277 4117 331 4174 tari
355 4116 474 4192 quidem
497 4118 639 4196 principi,
670 4119 695 4177 si
725 4117 843 4194 quidem
866 4120 1009 4180 recitatus
1032 4125 1092 4188 est,
1121 4125 1191 4199 post
1218 4116 1302 4178 illum
1330 4115 1420 4184 diem,

278 4217 387 4276 nedum
412 4236 469 4277 333
491 4235 559 4278 cum
582 4225 667 4279 sento
690 4237 768 4280 anno
791 4218 911 4281 demum
935 4218 993 4282 731
1017 4228 1145 4301 poterat,
1175 4221 1234 4281 nisi
1255 4220 1333 4279 lorte
1355 4236 1421 4278 cro·

276 4318 392 4386 demus,
423 4318 524 4379 laudes
546 4320 623 4400 thas,
652 4339 726 4400 quae
749 4319 818 4380 olim
848 4341 925 4382 auam
948 4319 1078 4383 725131
1101 4317 1162 4383 726
1185 4320 1358 4402 splendidae
1381 4321 1422 4378 vi·

276 4419 341 4480 deri
364 4429 533 4500 potuerant,
558 4425 645 4483 etiam
669 4422 762 4483 medio
785 4431 852 4504 post
866 4424 1039 4505 imperatori
1055 4425 1188 4502 Angusto
1204 4425 1275 4484 satis
1291 4424 1422 4483 iacturas
