2970 4896
174 323 176 330 '
265 315 328 379 368
713 339 956 382 reonecouemi.

264 505 354 564 movit
371 504 543 566 vocabulum
560 508 650 579 ultro,
676 506 754 584 quod
777 525 836 567 non
859 505 950 567 credo
973 516 1054 568 reete
1077 509 1218 586 componi
1240 527 1309 568 cum
1332 510 1409 570 acei-

266 605 366 683 piendi
390 605 489 667 verbo.
536 606 644 666 Demus
667 607 829 668 obiecimus
851 607 1013 668 adiecimus
1036 609 1178 669 mittimus
1206 611 1338 688 petimus
1361 629 1409 670 oc·

265 709 414 766 currimus
438 709 569 768 venimus
585 708 725 768 adsumus
739 709 868 786 sugimus
884 709 1020 769 adiamnr
1035 708 1123 779 uitro,
1147 709 1199 770 sed
1216 713 1266 790 qui
1283 715 1407 787 accepit,

265 810 399 884 seqnitur
421 808 602 869 voluntatem
625 808 758 879 alterius,
783 827 855 888 ergo
879 809 950 869 nihil
976 808 1050 870 nitra
1074 811 1102 870 id
1127 812 1196 871 iacit
1218 811 1297 889 quod
1320 811 1411 873 coluit

264 909 346 970 aiter.
392 911 500 972 Contra
523 913 623 971 uscire
644 910 722 972 ultro
738 912 909 989 priusquam
925 913 1061 990 accipere
1082 930 1223 990 cogamur
1238 919 1320 973 reete
1336 913 1409 973 dici·

264 1029 340 1080 mur,
364 1010 531 1090 legiturque
547 1011 603 1072 hoe
619 1014 716 1091 ipsum
735 1016 893 1073 ‘asciverit
908 1015 1004 1072 uttro’
1021 1013 1074 1073 ΧΗ
1089 1010 1161 1080 613,
1187 1013 1237 1073 ubi
1254 1032 1290 1073 ex
1306 1023 1408 1074 nostro

263 1111 328 1172 ioco
351 1113 409 1172 duo
433 1112 568 1175 versiculi
590 1112 762 1191 interpolati
785 1123 854 1174 sunt
876 1115 907 1172 in
929 1131 975 1192 εχ.
1031 1113 1090 1196 Nec
1114 1117 1212 1192 magni
1236 1115 1311 1175 iacio
1334 1133 1409 1194 quae

264 1216 403 1292 opposuit
419 1233 514 1293 nuper
529 1214 701 1283 Ladericus,
726 1231 781 1273 nec
805 1233 928 1276 uxorem
945 1215 1094 1276 Lauiniam
1118 1233 1173 1274 nec
1196 1223 1228 1275 ut
1250 1217 1281 1275 in
1303 1215 1409 1276 urbem

262 1317 446 1393 acciperetur
468 1317 607 1394 petivisse
622 1320 749 1377 Aenean.
780 1316 899 1394 Spectat
922 1319 1002 1376 enim
1021 1333 1166 1390 porterum
1188 1315 1224 1376 ad
1248 1323 1408 1395 utrumque

264 1416 395 1484 verbnm,
421 1435 488 1476 nam
512 1425 542 1477 et
563 1416 768 1477 asciscendum
790 1434 935 1494 generum
966 1427 996 1477 et
1022 1418 1228 1497 accipiendum
1251 1421 1336 1495 regni
1360 1437 1408 1478 so·

262 1518 339 1576 cium
364 1518 454 1577 inisse
476 1536 544 1578 sero
567 1506 855 1596 inteliegit'Latinus.
943 1515 1045 1580 necue
1069 1519 1183 1580 ridetur
1206 1519 1285 1596 quod
1310 1538 1346 1579 ex
1363 1519 1409 1579 Bc

264 1617 322 1694 legi
344 1617 420 1678 solet
444 1618 480 1678 xr
503 1615 564 1679 728

665 1708 832 1765 Tarchonem
855 1710 883 1764 in
905 1709 1008 1782 proelia
1031 1726 1109 1766 sueva

463 1793 578 1848 suscitat
601 1800 629 1848 et
651 1792 769 1849 stimulis
792 1794 857 1849 haut
881 1793 1007 1850 mollibus
1029 1798 1108 1850 inicit
1131 1794 1192 1850 iras.

262 1905 322 1966 Nec
355 1908 475 1966 omnino
508 1907 667 1988 quidquam
702 1906 830 1970 stimulis
863 1910 984 1986 proprie
1023 1909 1157 1976 inicitur,
1207 1907 1259 1967 scd
1296 1907 1408 1968 inditur

261 2009 376 2067 acuitur
411 2011 507 2086 agitur
535 2007 690 2070 lacessitur
724 2011 837 2070 excitur·
872 2011 1016 2070 excitatur
1049 2005 1189 2087 arrigitur
1223 2011 1406 2068 concutitur:

261 2109 422 2169 iniciuntur
435 2109 603 2170 adiciuntur
621 2109 807 2171 subiciuntur
826 2110 976 2171 adduntur
993 2109 1160 2170 subduntur
1177 2119 1332 2169 moventur
1345 2128 1407 2169 rer-

261 2218 364 2270 tuutur
386 2212 443 2289 ipsi
466 2211 587 2271 stimnii.
634 2211 713 2289 Ergo
734 2213 765 2271 in
789 2211 893 2272 eodem
916 2211 992 2271 libro
1016 2207 1166 2289 v.451sq.
1180 2219 1267 2289 poeta
1285 2212 1408 2289 scripsit

463 2317 599 2390 extempio
623 2317 722 2373 turbati
746 2319 828 2372 animi
849 2331 1046 2388 concussaque
1069 2315 1141 2390 volgi

462 2408 573 2474 pectora
597 2411 624 2456 et
646 2408 780 2458 errectue
804 2401 921 2457 stimulis
944 2400 1014 2455 haud
1038 2400 1165 2456 mnitibus
1189 2401 1253 2456 irae.

260 2500 347 2576 utqui
371 2507 471 2557 nostro
495 2497 560 2558 ioco
582 2499 661 2559 iacili
684 2517 788 2559 errore
811 2497 950 2558 librarius
971 2497 1123 2578 archetypi
1147 2497 1283 2557 codicum
1302 2499 1407 2574 MPyb

261 2599 296 2656 ad
330 2600 393 2658 eius
422 2598 499 2675 qnod
527 2601 558 2659 in
588 2601 733 2680 principio
765 2618 867 2660 versus
893 2600 1003 2677 iegitur
1031 2602 1155 2659 suscitat
1183 2597 1407 2658 similitudinem

260 2704 366 2759 incitat
388 2699 522 2768 tradidit,
546 2701 624 2761 unde
641 2701 701 2760 leni
718 2699 832 2761 medela
845 2701 982 2760 Heinsius
998 2701 1076 2779 quod
1093 2702 1239 2760 sermonis
1252 2718 1307 2759 usn
1327 2699 1407 2776 tingi-

259 2809 338 2861 tatur
361 2804 498 2862 incutit
520 2801 626 2862 eiiecit.
661 2803 744 2874 Quod
761 2805 785 2862 si
805 2820 905 2862 verum
919 2811 979 2870 est,
994 2801 1041 2861 hic
1054 2818 1171 2878 quoque
1184 2809 1215 2861 ut
1228 2801 1404 2879 saepissime

259 2902 406 2978 glossema
422 2904 543 2980 irrepsit
559 2903 590 2964 in
609 2905 645 2964 B.
714 2903 799 2975 Quod
813 2907 884 2965 rien.
902 2901 954 2962 xit
965 2900 1007 2963 55
1020 2902 1103 2963 libris
1117 2903 1264 2979 Muyucp
1281 2901 1406 2962 traditur

465 3017 495 3064 at
518 3012 611 3080 regina
634 3051 640 3063 .
665 3052 672 3064 .
697 3056 703 3068 .
727 3051 735 3066 .

468 3092 548 3149 tiebat
571 3103 598 3149 et
621 3093 759 3149 ardentem
782 3110 913 3167 generum
936 3097 1075 3149 moritura
1100 3091 1209 3148 tenebat

265 3181 386 3251 sensum
402 3191 534 3258 haberet,
558 3193 593 3258 si,
617 3198 772 3271 postquam
789 3192 898 3251 trustra
922 3199 1042 3269 precata
1066 3199 1144 3250 essct
1158 3189 1303 3258 Turnum,
1327 3206 1407 3248 mor·

262 3301 321 3351 tem
345 3291 402 3352 sim
432 3293 593 3368 parauisset
614 3294 725 3353 Amata.
778 3291 880 3372 Neque
910 3294 988 3351 enim
1016 3291 1091 3351 soiet
1118 3297 1205 3369 poeta
1235 3291 1408 3349 inminentis

262 3395 366 3453 mortis
390 3395 571 3454 mentionem
594 3395 692 3454 iacere
721 3395 777 3453 nisi
806 3393 857 3453 ubi
885 3395 983 3452 statim
1013 3400 1209 3452 consecutura
1239 3400 1299 3450 est:
1335 3408 1409 3468 crgo

263 3495 397 3554 Priamus
419 3495 515 3554 fertur
537 3496 699 3554 moriturus
721 3495 751 3553 in
774 3493 875 3553 hostes
897 3490 1021 3561 iuml,
1052 3495 1122 3553 item
1151 3490 1200 3551 alii
1230 3493 1260 3551 in
1290 3491 1408 3569 proelio

262 3593 300 3652 lX
324 3590 397 3653 398.
420 3591 481 3655 511
516 3595 539 3654 X
564 3591 623 3655 881
659 3594 698 3653 Xi
721 3591 791 3668 741,
815 3596 885 3654 item
904 3594 975 3653 iiido
998 3597 1141 3654 ‘testatur
1157 3593 1305 3652 moritura
1322 3591 1408 3650 deos'

263 3692 315 3753 1111
337 3691 400 3754 519
422 3696 470 3769 (ci.
493 3693 568 3766 415.
591 3693 680 3770 604),
716 3705 745 3755 et
777 3698 841 3774 ipsa
860 3697 977 3773 ‘regina
1013 3696 1088 3755 inira
1111 3694 1162 3753 nbi
1187 3711 1255 3753 vere
1278 3703 1408 3752 mortem

262 3795 322 3854 adit
345 3795 397 3855 xit
420 3793 482 3856 602
505 3799 670 3857 ‘moritura
694 3814 781 3856 manu
798 3797 939 3857 discindit
954 3798 1078 3857 amictus
1093 3803 1123 3854 ct
1137 3793 1248 3854 nodum
1269 3793 1410 3854 informis

262 3895 311 3954 icti
335 3896 418 3955 trabe
442 3899 533 3958 nectit
555 3898 591 3958 ab
615 3897 700 3958 aita'.
754 3899 812 3958 Sed
841 3897 889 3957 hic
917 3898 1086 3975 praesagire
1115 3903 1242 3955 mortem
1270 3895 1408 3972 ineptum

264 4004 335 4056 erat.
369 3997 478 4058 Contra
496 4008 563 4076 apte
587 3998 653 4058 addi
677 4008 792 4076 poterat
809 3998 929 4058 verbum
954 3997 1033 4074 quod
1057 3995 1251 4073 sequentibus
1266 3995 1410 4075 precibus

261 4099 448 4177 praeferetur
475 4103 641 4173 monitura,
675 4101 905 4177 quod‘rcstitui:
936 4099 973 4158 de
1000 4095 1167 4176 corruptele
1196 4093 1407 4156 cultilius.

347 4199 388 4259 De
411 4200 547 4260 versibus
569 4200 613 4259 rei
637 4201 747 4279 spuriis
768 4199 811 4259 vei
837 4198 1066 4278 transponendis
1083 4197 1126 4257 vei
1143 4195 1321 4277 supplendis
1342 4195 1410 4257 aliis

262 4299 336 4361 locis
359 4301 495 4361 disserui.
