2962 4904
545 379 787 422 nnonnnouann.
1196 362 1232 424 21

90 569 169 610 anuo
194 545 255 608 721
278 547 347 608 addi
369 549 508 626 potuisse.
558 547 597 622 ¹Et
620 567 687 609 cum
708 549 739 608 in
762 548 891 610 Aeneide
914 549 925 609 Ι
947 545 1019 611 287.
1043 547 1106 612 289
1129 551 1237 614 Caesar

89 653 249 732 imperium
273 669 386 711 oceano
410 651 571 712 terminare
595 657 625 711 ct
646 649 747 730 spoliis
771 651 894 711 orientis
917 657 1042 712 onustus
1070 671 1135 724 esse
1159 671 1235 715 anno

93 751 155 816 725
178 753 280 814 clauso
304 753 367 814 lani
389 751 499 831 templo
516 751 631 815 dicatur
654 771 779 832 cunique
801 754 831 812 in
855 751 1007 832 triumpho
1030 755 1099 815 anui
1122 750 1184 816 725
1206 757 1235 816 in

89 859 160 917 hen.
186 855 248 915 Vili
272 851 334 914 714
354 871 418 934 sqq.
450 854 600 934 descripto
625 855 714 914 totius
736 855 799 914 fere
823 854 904 915 orbis
928 863 1074 918 terrarum
1099 857 1235 924 nationes

89 967 238 1038 tamquam
263 958 356 1016 victae
380 966 409 1017 et
422 955 589 1036 Euphrates
612 975 679 1017 carm
695 956 800 1018 Rheno
816 957 1027 1036 producantur,
1052 976 1089 1020 ne
1104 967 1234 1037 tropaea

90 1059 206 1138 qmdem
230 1058 281 1120 iiia
295 1078 399 1120 versus
415 1055 456 1120 32
478 1060 807 1136 hisque-nanmpnatcs
829 1068 956 1136 utroque
977 1063 1014 1122 uh
1029 1063 1119 1123 litore
1131 1068 1236 1138 pentes

90 1165 209 1223 nimiam
232 1161 436 1224 difficultatem
459 1179 578 1222 morere
602 1161 756 1223 fatendum
780 1163 845 1223 erit.
897 1163 968 1224 Nam
999 1173 1028 1223 et
1051 1165 1174 1226 orientis
1205 1172 1234 1225 et

89 1266 250 1326 occidentis
272 1263 365 1344 spoha
388 1265 419 1324 in
443 1263 594 1344 triumpho
617 1263 667 1324 iiio
691 1265 825 1344 exposita
853 1273 973 1328 suntet
995 1273 1065 1345 post
1092 1275 1233 1346 quattuor

89 1366 152 1429 iulii
175 1367 310 1428 Caesaris
334 1385 367 1426 ex
393 1365 495 1436 Gallia,
521 1385 557 1426 ex
579 1369 720 1446 Aegypto,
750 1385 787 1427 en
809 1366 918 1436 Ponto,
950 1386 985 1428 ex
1007 1369 1105 1430 Africa
1128 1371 1231 1431 trium·

88 1464 162 1550 phos
184 1488 262 1531 anno
286 1464 347 1530 708
370 1478 460 1538 actos,
485 1468 516 1529 P.
541 1468 668 1529 Ventidii
692 1476 790 1529 antem
815 1489 850 1530 ex
873 1469 971 1531 Tauro
994 1469 1093 1532 hionte
1117 1478 1146 1532 et
1160 1472 1231 1534 Par·

90 1573 163 1634 thais
181 1570 366 1651 triumphum
385 1572 454 1632 anni
473 1566 534 1632 716
549 1577 669 1649 poterat
686 1589 756 1632 saue
773 1591 851 1634 anno
869 1569 930 1634 725
949 1573 1129 1654 utroqueah
1144 1572 1232 1636 litore

88 1683 189 1753 gentes
204 1674 252 1736 his
268 1672 465 1754 triumphatas
481 1692 539 1734 non
563 1675 651 1734 nimis
667 1681 780 1735 temere
803 1674 1036 1737 admirabundus
1059 1683 1146 1756 poeta
1168 1676 1231 1756 glo·

88 1779 164 1839 riori.
210 1776 287 1848 Ouid
310 1775 390 1856 quod
413 1776 553 1838 Horatius
575 1793 695 1856 quoque
717 1778 748 1838 iu
771 1778 862 1840 satira
885 1775 955 1838 lihri
978 1778 1102 1840 secundi
1124 1781 1230 1860 prima,

88 1898 173 1957 quam
202 1887 271 1940 ante
300 1896 410 1940 annum
440 1875 501 1938 724
529 1880 670 1958 scriptam
708 1898 774 1940 esse
802 1877 961 1940 admodum
990 1879 1146 1958 probabsse
1176 1891 1229 1968 cst,

91 1983 125 2050 ei,
149 1984 199 2062 qui
223 1981 377 2043 ‘Caesaris
399 1982 502 2042 invicti
524 1999 573 2042 res
597 1979 712 2042 dicere’
739 1982 917 2060 susceperit,
949 1988 978 2041 et
1000 1982 1100 2045 Gallos
1121 1984 1230 2058 firacta

87 2085 238 2163 pereuntis
262 2083 403 2162 cuspide'
427 2090 456 2144 et
479 2083 624 2144 ‘labentis
647 2102 723 2162 equo
746 2081 847 2144 Parthi
870 2081 1010 2144 volnera’
1034 2083 1230 2148 describenda

87 2187 186 2246 statuit
214 2189 250 2264 (r.
277 2182 316 2246 14
338 2183 413 2266 sq.)i
465 2185 565 2266 {taque
593 2185 629 2246 ad
658 2185 860 2246 coniecturam
887 2185 924 2247 ab
947 2187 1060 2267 ileyuio
1089 2194 1122 2251 ut
1150 2187 1230 2251 ‘non

86 2287 263 2350 absurdam’
284 2288 467 2368 propositam
492 2296 521 2348 et
543 2294 694 2366 acceptam
717 2307 732 2348 a
757 2286 920 2366 Wagnero,
946 2287 991 2348 rel
1014 2296 1109 2351 toturn
1132 2289 1227 2352 iocum

86 2391 126 2452 rel
155 2399 236 2452 certo
269 2409 294 2450 r.
326 2386 368 2452 32
398 2390 536 2451 secundis
566 2391 646 2451 curis
673 2391 819 2450 insertum
850 2409 930 2458 esso,
962 2391 1123 2471 contingere
1152 2411 1228 2474 opus

84 2512 142 2554 non
165 2503 217 2556 ost.

164 2596 244 2674 Ergo
267 2613 322 2656 nec
345 2596 441 2656 Crassi
464 2597 545 2673 signa
570 2597 702 2672 Augusto
726 2613 741 2654 a
763 2593 880 2656 Parthis
908 2615 986 2656 anno
1010 2593 1072 2658 734
1100 2597 1226 2670 reddita,

86 2717 155 2775 quae
178 2701 280 2776 ‘rapta
303 2701 408 2757 menu'
432 2717 470 2758 ne
493 2705 632 2776 poterant
655 2696 773 2774 quidem
796 2698 867 2758 satis
890 2683 959 2777 apte
982 2698 1047 2768 dici,
1073 2717 1128 2762 nec
1151 2703 1225 2762 Can·

85 2799 158 2861 tahri
179 2799 341 2881 perdomiti
362 2799 405 2860 ilii
421 2817 498 2860 arruo
515 2795 585 2868 729,
610 2801 718 2860 iterum
735 2817 812 2859 erano
829 2796 891 2860 735
905 2801 1027 2862 ineunte
1044 2800 1080 2864 ah
1096 2804 1227 2882 Agrippa

84 2903 229 2981 profligati
251 2909 283 2962 nt
306 2903 451 2980 georgicis
466 2902 642 2970 interantur,
667 2907 820 2962 accuratae
842 2903 1098 2982 interpretationis
1121 2924 1225 2966 neces·

82 3007 164 3067 ritate
182 3006 336 3073 evincitur,
354 3005 531 3084 pracsertim
548 3022 616 3065 cum
632 3003 786 3064 redeuntis
802 3023 837 3064 ex
852 3005 920 3066 Asia
935 3005 1058 3083 Augusti
1073 3008 1103 3066 in
1121 2987 1225 3068 urbem

83 3109 234 3169 introitum
259 3106 408 3186 triumpho
431 3104 558 3174 similem
584 3101 795 3184 (1110111118),
819 3109 869 3186 qui
891 3127 916 3168 a.
935 3105 985 3178 1111
1009 3107 1050 3168 id.
1069 3109 1133 3170 Oct.
1156 3112 1226 3172 anni

83 3207 141 3272 735
162 3210 233 3279 init,
263 3227 300 3270 ne
329 3209 435 3269 viderit
462 3207 582 3286 quidem
610 3216 697 3288 poeta
726 3215 829 3269 noster
850 3210 907 3270 iam
932 3208 1047 3271 decimo
1070 3209 1133 3272 hal.
1158 3212 1223 3275 Oct.

82 3311 229 3374 Bramdisii
251 3310 418 3373 defunctus.

162 3413 237 3476 Nam
262 3413 340 3492 quod
364 3413 399 3474 ad
417 3415 549 3473 ‘victoris
565 3431 646 3474 arma
662 3413 790 3484 Qniriui’
816 3413 850 3492 (v.
867 3409 919 3493 27)
944 3422 973 3474 et
995 3413 1224 3479 aduentam

80 3517 108 3576 in
131 3515 254 3578 scholiis
277 3515 426 3577 Servianis
449 3515 486 3576 de
509 3516 625 3586 Quirini
655 3517 775 3576 nomine
797 3516 828 3575 in
852 3515 1007 3578 Caesarem
1031 3515 1129 3579 delato
1151 3518 1223 3597 legi-

81 3628 126 3680 tur
151 3626 303 3698 tamquam
327 3637 362 3678 en
378 3619 521 3679 Suetonio
538 3627 712 3699 excerptum
735 3618 880 3696 ‘quodam
897 3625 1032 3698 tempore
1046 3627 1108 3682 tros
1123 3628 1225 3702 partes

79 3721 178 3802 populi
203 3723 409 3782 consentiente
441 3729 545 3794 senatu
575 3719 715 3782 ohtulisse
744 3722 771 3781 ei
801 3721 856 3781 tria
885 3723 1004 3782 uomina
1027 3721 1143 3794 Quirini
1164 3729 1222 3785 dn·

79 3826 154 3902 gusti
185 3824 328 3884 Caesaris.
364 3823 413 3884 ilie
442 3811 486 3883 xne
520 3840 613 3884 uuum
651 3821 787 3901 eligendo
816 3821 887 3885 alies
916 3823 1085 3891 ¹offenderet
1111 3833 1221 3905 partes,

78 3929 174 4006 primo
190 3925 331 3996 Quirinus
348 3933 393 3987 est
409 3925 516 3994 dictus,
539 3925 608 3985 inde
632 3925 749 3996 Caesar,
772 3933 841 4005 post
862 3926 892 3986 in
916 3927 1036 3988 nomine
1060 3929 1224 4007 permansit

79 4029 229 4107 Augusti&
255 4026 382 4088 Thurini
398 4036 427 4089 et
443 4028 558 4099 Quirini
573 4029 693 4088 nomina
717 4047 733 4088 a
755 4036 989 4090 commentatore
1011 4031 1134 4094 contusa
1157 4049 1223 4092 esse

78 4129 164 4190 docet
186 4131 252 4208 ipse
269 4128 426 4190 Suetonius
441 4131 515 4209 hug.
540 4127 557 4190 7
583 4131 630 4211 (ci.
647 4129 748 4191 Rothii
771 4129 861 4191 editio
885 4149 913 4210 p.
930 4127 1002 4200 286,
1018 4128 1080 4211 29).
1105 4132 1222 4204 Quanto

78 4240 176 4292 antem
198 4241 266 4291 amc
290 4248 398 4291 aunum
423 4229 483 4293 727
507 4231 544 4290 de
567 4232 685 4292 Romuli
708 4233 827 4292 nomine
856 4234 995 4310 agitatum
1024 4235 1062 4294 sit
1091 4251 1146 4294 nco
1174 4234 1222 4294 hic

78 4333 107 4392 in
130 4333 235 4392 eodem
261 4333 356 4410 capite
380 4351 434 4394 uec
458 4333 510 4394 [iio
535 4333 597 4394 Liii
622 4331 660 4394 16
684 4336 850 4394 accuratius
873 4334 1031 4396 deiininnt:
1068 4334 1221 4415 probahiic

79 4441 177 4494 tamen
202 4442 246 4493 cst
270 4434 366 4512 ipsum
390 4435 507 4514 (pridem
530 4437 695 4516 principem
719 4437 816 4496 statim
836 4444 905 4515 post
925 4437 1005 4498 tinita
1029 4435 1104 4498 hehe
1128 4435 1222 4498 civilia

1465 543 1473 574 d
