2962 4904
563 353 747 394 catenario.
1187 349 1236 393 VII

99 516 151 580 ubi
175 515 324 580 Sallustii
354 516 457 580 verba
485 513 704 579 ε601Μ616110
728 515 902 580 Cordubae
928 513 1103 578 hiemante'
1133 515 1237 580 sicin

96 616 163 681 cod.
195 616 293 681 Rern.
324 617 388 680 370
420 613 535 698 (schol.
558 615 698 698 Lucan.)
733 617 855 700 scripta
887 623 981 678 sunt:
1012 622 1079 680 ‘set
1107 615 1236 680 metello

95 717 300 800 cordulba&
322 717 489 801 gementi!
534 715 616 780 Inde
644 713 802 780 mehercle
831 717 912 780 vitio
935 726 1114 801 propagato
1137 716 1235 800 Regi-

94 819 198 882 nensis
234 818 397 902 scriptura
430 825 535 896 eperia
567 815 676 880 fluxit.
735 815 865 880 Deinde
897 815 986 901 apud
1014 815 1164 880 Seruium
1194 817 1235 880 ad

95 917 148 983 ecl.
164 919 210 999 ΙΙ,
229 917 284 996 15,
308 939 404 1004 quem
419 916 526 982 locum
542 916 656 982 eodem
680 916 841 1002 pertinere
858 925 953 980 acute
972 916 1058 980 uidit
1072 917 1234 998 Ribbeck,

93 1025 182 1082 Leria
204 1018 361 1098 habetur,
389 1016 476 1104 quod
500 1041 541 1082 ex
569 1024 644 1081 16610
672 1016 786 1081 eodem
815 1018 912 1082 modo
943 1028 1050 1083 ortum
1078 1028 1143 1098 661,
1172 1041 1235 1103 0110

94 1141 149 1205 pro
190 1127 335 1184 iactatum
368 1120 546 1204 scripserat
578 1118 659 1201 Reg.
693 1117 846 1182 librarius
878 1126 1031 1183 luctatum.
1075 1117 1176 1182 Vnde
1204 1129 1237 1183 et

94 1219 240 1284 Danielis
257 1219 386 1284 ‘Plotia
398 1225 520 1284 Aleria’
537 1219 676 1305 petitum
692 1241 764 1283 esse
783 1228 882 1305 patet,
905 1241 924 1281 a
940 1218 1050 1284 1111666
1065 1241 1234 1304 perperam

93 1319 271 1406 duplicata.
322 1319 450 1399 Quibus
479 1321 507 1383 si
535 1318 638 1384 addas
667 1318 766 1383 schol.
797 1321 894 1384 Bern.
918 1319 977 1383 ecl.
1001 1319 1065 1399 VI,
1092 1321 1144 1400 17,
1178 1321 1235 1385 ubi

92 1427 163 1484 Iera
194 1419 359 1506 quaedam
386 1421 587 1484 Maecenatis
622 1419 741 1484 ancilla
774 1421 827 1485 vel
854 1419 935 1484 Vari
968 1423 1072 1485 amica
1107 1419 1234 1500 dicitur,

94 1543 185 1607 06616
208 1519 317 1585 locum
334 1520 464 1586 conlato
482 1521 598 1587 Seruio
614 1519 657 1584 ad
672 1521 731 1584 661.
748 1519 793 1601 ΙΙ,
811 1521 851 1585 15
872 1521 935 1584 huc
958 1522 1119 1606 pertinere
1141 1542 1234 1584 nomo

94 1623 242 1706 negabit,
272 1622 484 1686 manifestum
506 1634 593 1686 certe
615 1621 799 1700 uidebitur,
827 1621 922 1686 istius
950 1621 1094 1684 mulieris
1118 1644 1235 1686 nomen

93 1721 231 1787 Plotiam
254 1728 391 1786 Hiertam
413 1721 533 1801 161666,
561 1744 627 1785 606
652 1727 815 1785 Galeriam.
860 1722 912 1784 De
934 1720 1035 1785 altero
1058 1722 1145 1806 quod
1168 1722 1188 1784 1.
1211 1722 1233 1785 l.

93 1823 244 1888 Ribbeck
266 1823 414 1901 coniecit,
438 1823 540 1886 161666
561 1821 660 1885 istam
674 1821 813 1885 Plotiam
827 1822 865 1885 L.
882 1821 974 1885 Varii
990 1843 1125 1900 6606661,
1151 1845 1234 1908 0666

94 1923 254 1989 sententis
268 1923 376 1988 Servii
390 1921 462 1988 loco
479 1923 538 1987 ecl.
555 1921 618 2002 ΙΙΙ,
633 1922 675 1984 20
696 1921 765 1986 6010
781 1922 841 1986 6111
856 1921 997 1998 videtur,
1021 1922 1063 1986 ob
1079 1923 1113 1986 id
1129 1925 1233 1986 ausim

92 2024 255 2103 dubitare,
284 2024 419 2109 061616
446 2032 537 2088 16610
566 2021 763 2086 fabellarum
797 2020 923 2086 cumulo
956 2032 1112 2106 congesto
1146 2025 1233 2088 haud

93 2125 240 2190 inmerito
268 2128 341 2210 quis
370 2125 473 2210 possit
501 2124 664 2203 conicere,
693 2145 791 2187 unam
814 2123 949 2186 61116116
978 2121 1233 2186 161161116161666

92 2249 176 2306 6661,
211 2226 298 2312 qnod
326 2223 480 2304 Plotiam,
516 2246 598 2310 quae
620 2223 713 2287 Varii
747 2232 835 2287 66601
858 2230 970 2301 amica,
1007 2223 1076 2286 eius
1108 2245 1233 2288 uxorem

92 2327 190 2391 luisse
217 2328 453 2391 obtrectatores
481 2325 658 2409 lingerent,
697 2324 850 2388 nimirum
876 2334 913 2388 61
941 2330 1085 2388 adulterii
1112 2326 1232 2388 crimen

91 2427 234 2512 Vergilio
256 2427 391 2512 insuper
412 2427 541 2492 obicere
564 2436 706 2510 possent.
751 2425 796 2489 Vt
817 2447 901 2511 quae
922 2423 1056 2490 Servius
1079 2427 1139 2491 toti
1161 2449 1232 2490 nar-

91 2526 296 2592 ratiunculae
319 2525 491 2613 praelusit,
516 2536 600 2590 ‘rem
629 2547 788 2612 nusquam
812 2525 948 2590 lectam'
978 2525 1085 2590 dicere
1108 2527 1232 2592 obtrac-

91 2639 229 2710 tatores,
258 2628 301 2692 ad
330 2627 364 2692 id
392 2650 521 2713 quoque
549 2628 713 2712 pertinere
736 2625 842 2709 dicas,
869 2628 955 2712 quod
978 2625 1120 2692 Plotiam
1141 2629 1233 2693 Varii

90 2751 212 2794 uxorem
235 2729 338 2794 fuisse
361 2729 506 2794 ementiti
529 2739 614 2792 sunt.

170 2829 311 2895 Accedit
340 2829 427 2915 quod
456 2829 572 2894 Hieria
604 2836 637 2892 61
664 2851 684 2892 6
710 2827 824 2893 Servio
853 2827 895 2893 ad
919 2829 978 2894 661.
1001 2829 1051 2910 ΙΙ,
1084 2829 1233 2894 156116

89 2929 219 2996 scholiis
243 2932 342 2995 Rern.
365 2929 408 2994 ad
432 2929 490 2994 ecl.
507 2929 572 3012 VI,
598 2931 635 2995 17
666 2931 905 2994 6066661166161·
932 2935 1119 2996 Maecenatis
1135 2935 1233 3006 fuisse

88 3039 202 3097 ancilla
224 3032 360 3112 dicitur,
391 3040 424 3095 61
445 3032 579 3117 iusuper
605 3031 638 3094 in
666 3030 716 3094 his
745 3037 833 3096 Varii
855 3038 963 3095 061160.
1009 3031 1121 3112 Quid?
1150 3053 1233 3117 0660

89 3133 210 3198 ibidem
235 3132 275 3197 de
297 3132 414 3196 Hieria
441 3132 631 3212 traduntur,
660 3132 809 3196 vinosam
827 3146 910 3195 'cam
937 3131 1040 3195 161666
1062 3133 1104 3197 01)
1134 3131 1232 3218 idque

88 3239 237 3298 0116111661·
256 3255 376 3299 nomen
398 3233 428 3296 ei
451 3233 592 3298 inditum
616 3255 702 3314 esse,
730 3255 836 3298 nonne
865 3231 988 3296 1061661
1020 3233 1099 3296 66116
1122 3254 1237 3312 recon-¹

88 3335 192 3400 ditum
219 3335 435 3420 notitiamque
469 3357 533 3399 non
568 3335 614 3398 ita
646 3333 817 3417 vulgarem
848 3332 1039 3414 ostendunt,
1073 3355 1170 3418 quam
1198 3336 1232 3398 in

88 3436 200 3500 Servio
217 3433 275 3499 ecl.
292 3434 338 3515 ΙΙ,
358 3435 397 3499 15
412 3434 565 3500 Ribbeck
588 3432 817 3500 desiderabat?
854 3434 1004 3519 Denique
1027 3456 1142 3519 parum
1164 3457 1231 3499 666-

86 3536 195 3617 dibile,
219 3536 248 3600 ei
268 3557 350 3600 uuor
364 3535 458 3599 Varii
481 3545 561 3616 erat,
584 3533 694 3620 palam
716 3558 788 3598 eam
810 3533 991 3620 professam
1014 3557 1095 3614 esse,
1118 3535 1172 3598 vel
1194 3545 1231 3600 ut

86 3637 233 3703 Suetonii
255 3637 367 3702 verbis
389 3645 474 3718 utar,
497 3657 631 3700 narrare
652 3643 770 3700 solitum
791 3637 966 3702 invitatum
982 3633 1163 3718 Vergilium
1186 3635 1229 3699 ad

86 3739 136 3802 sui
158 3739 436 3820 communionem,
460 3747 558 3823 atque
573 3735 634 3800 hoc
650 3737 747 3800 011661
763 3738 879 3816 minus,
903 3736 1079 3801 invitatum
1100 3737 1228 3822 abipso

86 3861 142 3904 suo
165 3838 285 3901 marito
300 3838 415 3918 Vario,
439 3838 482 3902 ad
504 3845 686 3902 adulterium
708 3837 848 3918 66111661,
873 3838 901 3900 61
924 3845 1106 3901 amorerat.
1143 3838 1226 3902 Nam

85 3939 259 4004 verborum
289 3939 348 4002 ‘ad
377 3939 635 4004 communionem
663 3939 730 4002 sui'
765 3940 816 4002 vis
846 3938 924 4002 satis
952 3947 1052 4022 patet.
1103 3939 1228 4004 Vereor

86 4040 186 4121 enim,
214 4048 253 4103 ut
280 4040 409 4104 etiamsi
437 4038 668 4104 calumniatam
696 4061 767 4103 esse
790 4038 930 4104 Plotiam
958 4061 1052 4102 suurn
1075 4039 1227 4104 maritum

85 4139 202 4223 fingas,
237 4139 325 4225 quod
352 4139 536 4206 Ribbeckio
564 4138 702 4225 placuit,
738 4149 839 4204 totam
867 4139 914 4204 ita
941 4161 1010 4203 rem
1038 4140 1228 4226 simpliciter

84 4239 250 4324 expedias.
294 4241 406 4305 Manet
427 4252 534 4307 autem
563 4241 616 4306 vel
644 4241 691 4304 sic
713 4239 902 4326 scrupulus,
932 4263 989 4304 cur
1011 4238 1052 4305 de
1074 4241 1228 4324 coniuga-

85 4339 168 4406 libus
195 4341 270 4406 istis
299 4341 383 4405 inter
405 4339 545 4406 Plotiam
568 4350 600 4405 et
622 4341 760 4406 Varium
789 4341 971 4406 rationibus
1000 4349 1032 4404 et
1054 4341 1227 4405 Suetonius
