2956 4906
260 325 323 395 210
704 349 946 394 aoocaaoucun.

348 519 481 581 librario
502 521 686 597 grammatici
709 519 807 580 tribuo
829 536 925 581 mores
945 521 1017 580 Aen.
1043 519 1078 580 Vl
1100 519 1161 582 743
1183 540 1238 600 pro
1261 539 1401 592 metues,

261 624 400 681 ammovit
420 623 529 696 hiiuyis
549 625 620 681 Aen.
643 621 668 680 X
690 618 751 682 587
776 639 829 699 pro
852 623 1043 681 admonuit
1063 623 1221 697 biiuoas.

344 723 387 782 la'x
414 722 591 802 interpolato
619 721 720 784 codice
743 723 863 782 Marius
892 724 1062 783 Victorinus
1089 722 1205 783 videtur
1233 727 1401 803 sumpsisse

261 823 340 902 quod
362 827 433 884 Aen.
458 825 481 885 V
502 820 566 885 428
588 827 759 885 redducere
784 831 909 884 testatur
938 831 1051 893 extare,
1081 825 1159 905 quod
1187 835 1217 884 et
1246 826 1401 886 codicibus

261 923 371 986 nostris
393 925 530 987 omnibus
551 926 722 1005 repudiatur
745 933 774 985 et
795 928 901 988 merito
924 925 1071 1004 displicuit
1093 925 1124 985 L.
1142 926 1283 988 bluellera
1306 928 1345 988 de
1367 947 1401 988 re

262 1045 301 1086 m.
325 1023 400 1087 362:
424 1045 491 1088 nam
513 1029 700 1114 manifestum
722 1029 844 1088 rarioris
857 1025 942 1104 yerbi
964 1030 1159 1089 abduxere
1180 1028 1328 1106 glossema
1345 1039 1399 1090 est.

261 1128 475 1189 Contaminavit
496 1129 575 1190 idem
597 1132 668 1189 Aen.
693 1125 815 1189 111663
837 1130 919 1189 dedit
946 1147 981 1189 ex
1004 1128 1148 1189 similibus
1170 1129 1242 1189 locis
1263 1133 1295 1190 in
1320 1133 1399 1191 vocis

235 1217 238 1224 ’
257 1234 396 1305 procul
416 1233 509 1291 vicem
531 1229 701 1292 inserendo.
1133 1220 1138 1228 ’

346 1333 543 1393 Cladouius
567 1331 907 1410 constantinopolitanus
929 1350 1048 1412 quoque
1075 1351 1110 1392 ex
1133 1342 1273 1412 corrupto
1296 1351 1397 1394 exem·

262 1431 339 1512 plari
361 1431 459 1494 bausit
482 1433 560 1511 quod
584 1435 672 1494 etlam
699 1435 729 1493 in
752 1435 902 1511 Paaytec
930 1452 1010 1494 nunc
1038 1434 1147 1512 legitur
1179 1438 1292 1510 equites
1324 1437 1396 1496 ben.

261 1533 301 1593 lil
322 1530 386 1594 464
406 1552 461 1612 pro
483 1538 648 1610 equitem.

348 1634 410 1696 Nec
437 1637 530 1713 magis
560 1637 707 1714 integram
735 1639 917 1698 memoriam
937 1655 1025 1717 quam
1047 1637 1167 1697 Servius
1189 1637 1301 1699 Nonius
1324 1639 1403 1698 Pris-

268 1739 371 1798 cianus
394 1744 424 1798 et
446 1756 481 1796 ex
504 1736 588 1797 libris
611 1739 721 1797 nostris
742 1741 779 1816 bx
801 1743 964 1816 Aproecius
986 1738 1086 1799 Gallus
1108 1748 1228 1799 secutus
1251 1749 1310 1807 est,
1335 1759 1401 1799 cunr

139 1913 142 1922 Ι
261 1841 334 1900 Aen.
369 1838 422 1899 llll
455 1835 515 1899 727
552 1847 606 1900 aut
642 1841 882 1901 coniunctionem
919 1850 1035 1919 poetam
1071 1841 1285 1919 interposuisse
1322 1841 1402 1900 dicit.

264 1939 407 2001 Memoria
439 1938 532 2001 falsus
566 1948 611 2002 est
643 1959 710 2001 cum
738 1942 769 2002 in
799 1940 852 2002 ecl.
877 1940 914 2001 lx
936 1938 978 2002 52
1010 1944 1128 2004 salttum
1161 1959 1217 2019 pro
1246 1959 1411 2018 puerum

259 2040 413 2104 scriberet.
1015 2062 1016 2065 ¹

350 2142 475 2204 Saeculo
498 2145 733 2223 quintowquanto
756 2143 853 2204 studio
875 2144 904 2205 in
921 2143 1045 2222 Vergilii¹
1063 2143 1247 2223 poematibus
1272 2153 1403 2206 versatus

261 2246 300 2304 sit
323 2246 501 2307 Macrobius
529 2264 563 2305 ex
587 2247 651 2322 eis,
681 2263 755 2323 quac
778 2264 868 2324 supra
897 2245 1124 2325 disputavimus,
1153 2249 1224 2306 satis
1252 2264 1403 2326 superque

262 2329 367 2407 elucet.
423 2348 464 2407 Ac
499 2346 653 2406 vindicarit
685 2354 767 2407 recte
796 2349 993 2408 accusativum
1017 2349 1159 2408 aeonum
1185 2347 1316 2410 Aemili
1340 2345 1403 2408 243

261 2455 363 2508 contra
400 2466 451 2508 eos
478 2449 530 2525 qui
552 2451 713 2508 Diomeden
743 2448 899 2510 scribendo
927 2467 1070 2509 numeros
1096 2468 1217 2528 pessum
1244 2449 1401 2509 dederunt.

262 2549 321 2608 Sed
344 2567 403 2609 non
427 2550 571 2609 rationem
593 2547 695 2609 babuit
717 2549 822 2629 Hygini
846 2557 875 2610 et
902 2552 1090 2611 vetustissimi
1118 2551 1197 2628 qnod
1225 2550 1273 2610 hic
1302 2552 1402 2630 inspe-

261 2657 344 2711 xerat
367 2648 553 2727 cxemplaris,
578 2650 655 2728 quod
678 2668 724 2729 ge.
748 2647 855 2711 11242
883 2669 990 2713 amaro
1012 2652 1143 2728 (Paci),
1169 2671 1227 2713 nou
1250 2670 1404 2712 amaror

261 2737 357 2830 legit.
392 2749 569 2834 Laudandus
592 2751 669 2832 quod
692 2770 738 2830 ge.
763 2749 886 2814 111223
913 2756 1053 2830 tanaus
1075 2756 1157 2830 (M),
1188 2773 1246 2815 non
1275 2773 1404 2828 maanus

210 2899 212 2904 .
262 2853 357 2922 tradit,
382 2861 411 2912 et
432 2853 503 2914 ben.
528 2853 567 2914 lli
589 2850 653 2914 584
674 2859 810 2916 matris
832 2857 893 2933 (y),
918 2875 976 2916 non
1000 2857 1122 2917 Martis.
1137 2856 1325 2934 'Ambiguum
1349 2874 1404 2934 per

260 2975 293 3016 sc
318 2963 415 3016 utrum
439 2958 570 3015 dolorem
592 2956 671 3035 quod
694 2954 765 3034 legit
799 2956 843 3016 vel
872 2966 907 3018 ut
933 2957 1008 3037 apud
1033 2957 1170 3018 Orosium
1198 2965 1243 3018 est
1273 2959 1402 3022 dolores,

261 3075 297 3116 aa
313 3055 477 3122 'labores
504 3059 576 3117 Aen.
601 3056 625 3116 ll
647 3052 711 3118 362
733 3058 830 3118 verius
851 3060 899 3118 sit.
951 3058 1008 3117 Sed
1038 3076 1072 3118 ex
1101 3058 1277 3138 interpolato
1301 3057 1404 3140 codice

262 3167 331 3218 sunt
354 3159 442 3219 baec:
472 3162 682 3234 praestantius
704 3178 758 3238 pro
778 3163 1025 3237 praesentius
1056 3177 1102 3237 ge.
1126 3159 1151 3218 ll
1176 3155 1250 3228 127,
1274 3162 1404 3234 pliades

261 3262 352 3338 (γίχ)
385 3280 440 3341 pro
470 3263 625 3336 pluuias
657 3267 728 3322 Aen.
753 3257 890 3330 111616,
924 3263 1032 3322 talibus
1059 3265 1141 3322 ausis
1163 3262 1323 3337 (ytbtmx)
1347 3279 1404 3339 pro

261 3349 441 3423 laudibus
462 3365 550 3422 istis
582 3359 720 3432 111252,
754 3370 943 3438 quassantem
967 3364 1020 3440 (χ)
1053 3381 1108 3443 pro
1141 3366 1347 3422 iactantem
1380 3363 1403 3423 V

261 3459 333 3534 469,
374 3466 450 3525 alios
485 3465 599 3542 (bict’p,
635 3464 773 3541 Donatus)
808 3482 863 3541 pro
894 3467 1044 3538 aliquas
1081 3464 1116 3524 Vl
1147 3459 1224 3534 664,
1256 3465 1405 3539 laqueatis

263 3563 480 3646 (Macetum.)
516 3583 571 3643 pro
603 3568 779 3625 ardeatis
811 3564 864 3624 Xll
889 3562 957 3624 101.
1013 3565 1073 3626 Nec
1100 3567 1194 3642 magis
1214 3564 1402 3645 probandum

263 3664 342 3747 quod
366 3664 446 3727 solus
467 3665 557 3726 habet
579 3669 662 3727 molis
683 3683 738 3745 pro
761 3669 892 3726 orontis
913 3685 954 3744 ge
983 3647 1125 3728 1111361.
1161 3665 1286 3727 Litirarii
1303 3669 1402 3746 potius

262 3786 349 3846 quam
380 3769 558 3828 correctoris
586 3769 688 3828 vitium
719 3778 763 3828 est
790 3776 872 3829 stant
895 3771 1062 3830 Gaurauac
1089 3772 1169 3830 acies
1196 3787 1252 3848 pro
1279 3777 1315 3829 et
1334 3769 1403 3828 Sa-

261 3887 407 3932 cranae
429 3873 531 3930 acies
553 3870 625 3931 Aen.
643 3870 693 3931 Vll
710 3866 780 3931 796.
826 3871 1059 3931 Contaminatum
1083 3889 1119 3930 ex
1143 3869 1231 3930 simili
1252 3869 1319 3929 loca
1340 3873 1405 3931 ullo

262 3959 393 4049 apparet
407 3975 494 4034 tellus
514 3991 569 4052 pro
592 3975 699 4032 ullae
720 3989 749 4031 a.
772 3979 901 4032 terrae
921 3974 993 4032 Aen.
1017 3972 1057 4032 lll
1081 3967 1141 4032 192
1157 3988 1201 4048 sq.
1231 3972 1405 4032 llemoriter

262 4077 387 4153 ascripta
422 4077 551 4149 muaitus
580 4077 669 4134 ueluti
699 4091 754 4152 pro
792 4078 919 4148 qualis
949 4074 1204 4149 muoitusben.
1229 4069 1349 4141 11223,
1376 4085 1406 4135 et

262 4179 375 4238 diuersi
393 4195 505 4252 maana
527 4195 582 4256 pro
612 4178 773 4256 aduersi
798 4183 910 4250 rapto
935 4173 1016 4246 416,
1048 4193 1123 4253 quae
1150 4177 1215 4252 ipse
1243 4173 1307 4234 allis
1330 4175 1406 4236 locis

262 4279 372 4340 rectius
394 4278 522 4339 tradidit.
631 4310 634 4324 .

346 4379 421 4440 Nihil
439 4381 501 4440 iere
517 4379 593 4458 rptrod
612 4379 646 4438 ad
665 4379 844 4440 mstltneuda
862 4379 980 4458 Vergilii
996 4380 1126 4441 carmina
1144 4377 1238 4439 bonae
1255 4380 1350 4458 ir'ugls
1368 4383 1406 4443 sit
