2956 4906
554 357 794 401 enonsuoamus.
1177 335 1240 400 219

104 528 312 598 schelestrate,
336 529 385 606 qui
408 524 604 586 bibliothecae
619 525 774 588 Vaticanae
797 527 963 606 praefectus
984 545 1061 587 anno
1077 523 1160 588 1686
1174 545 1240 587 cum

104 629 275 698 Mabillonio
303 636 333 690 et
359 627 488 690 Bellorio
515 627 646 688 codicem
680 630 808 707 inspexit
843 628 889 708 (cl.
914 629 1025 690 llottari
1052 630 1144 708 praei.
1168 627 1240 708 llll),

103 752 159 794 nec
182 751 197 794 a
222 741 280 793 tam
309 731 463 810 magnilica
490 730 693 790 aestimatione
721 728 808 808 longe
837 730 997 793 abluerunt
1024 739 1125 811 patres
1146 731 1240 792 Bene·

106 833 209 896 dictini
232 835 383 916 (tractatus
405 831 585 912 diplomatici
607 831 662 891 vol.
689 830 727 892 lll
749 852 777 912 p.
801 828 863 911 57).

188 937 339 1016 Scriptura
362 953 489 1014 quoque,
514 933 596 995 cuius
619 935 769 1013 specimen
790 933 871 994 dedit
884 953 913 1015 p.
930 933 960 1006 3,
984 936 1132 997 bottarius
1147 934 1240 1014 praei.

103 1037 258 1099 Vsaeculi
285 1039 363 1098 tertii
391 1038 519 1099 ineuntis
548 1034 646 1096 habita
675 1035 828 1117 aequalem
857 1035 936 1098 hunc
965 1037 1096 1098 codicem
1119 1037 1241 1098 Medicei

104 1158 169 1202 esse
191 1140 309 1206 statuit;
339 1156 398 1215 quo
420 1137 570 1215 aliquanto
593 1139 790 1214 antiquiorem
814 1157 879 1199 esse
909 1140 1022 1218 primus
1044 1141 1158 1200 monuit
1179 1139 1240 1199 ilit-

104 1239 232 1303 schelius
254 1243 284 1302 in
307 1239 431 1320 epistola
459 1238 507 1301 illa
536 1239 718 1301 nobilissima
746 1240 783 1300 de
805 1240 900 1302 Plauti
922 1240 1119 1322 ambrosiano
1147 1240 1183 1301 ad
1206 1239 1241 1300 G.

102 1343 307 1404 hermannum
338 1341 418 1411 data,
453 1359 528 1421 quae
555 1344 586 1402 iu
613 1340 728 1402 diurnis
756 1341 1044 1404 Darmstadiensibus
1071 1343 1243 1420 antiquariis

102 1463 180 1507 anno
204 1441 284 1507 1837
306 1445 417 1505 inserta
440 1450 494 1505 est.

188 1548 313 1608 'lextum
338 1565 394 1608 una
417 1563 482 1606 cum
505 1547 630 1625 picturis
653 1547 714 1606 aeri
736 1547 837 1607 incisis
860 1547 986 1626 exprimi
1009 1548 1121 1608 curavit
1142 1546 1241 1607 botta·

104 1651 166 1710 rius
198 1647 428 1728 l‘antiquissima
458 1646 609 1724 virgiliani
642 1645 752 1707 codicis
784 1648 949 1727 fragmenta
982 1655 1011 1709 et
1044 1649 1176 1726 picturae
1208 1665 1242 1708 ex

102 1750 285 1812 bibliotheca
308 1748 445 1810 Vaticana
468 1747 503 1809 ad
526 1750 640 1828 priscas
667 1750 828 1827 imaginum
852 1750 963 1811 formas
985 1769 1001 1811 a
1025 1750 1113 1811 Petro
1136 1748 1242 1810 Sancte

102 1851 237 1914 bartholi
260 1853 379 1912 incisae.
412 1851 522 1912 llomae
538 1869 573 1910 ex
597 1849 822 1930 chalcographia
840 1849 960 1928 1741'),
984 1851 1035 1913 sed
1052 1870 1111 1912 non
1128 1852 1242 1911 summa

103 1952 153 2014 illc
176 1972 247 2014 usus
269 1950 429 2030 diligentia.
481 1951 638 2031 Excerpsit
668 1960 770 2031 postea
793 1952 920 2033 Philippi
942 1954 1080 2031 Wagneri
1101 1955 1133 2014 in
1155 1971 1241 2014 usum
1266 1984 1267 1992 .

107 2057 200 2116 carias
222 2054 364 2116 lectiones
387 2053 435 2114 Fr.
459 2052 535 2114 Guil.
560 2052 725 2123 Schulzius,
749 2072 820 2133 quas
842 2054 892 2115 ille
914 2057 944 2116 in
967 2055 1060 2134 prael.
1084 2052 1243 2114 voluminis

103 2157 198 2236 quinti
221 2156 358 2218 editionis
381 2155 550 2236 Hepninnae
573 2174 588 2216 a
610 2173 642 2215 sc
671 2157 816 2235 repetitae
844 2174 871 2234 p.
895 2156 948 2217 XX
970 2173 1033 2236 sqq.
1065 2157 1240 2235 composuit.

103 2258 170 2338 lpse
191 2260 338 2335 integrum
361 2257 492 2320 codicem
515 2256 635 2318 contuli.

188 2355 217 2437 2)
241 2359 282 2420 De
304 2361 422 2423 schedis
443 2363 600 2435 rescriptis
622 2360 870 2435 Sanpallensihcs
892 2361 947 2438 (G)
976 2360 1113 2421 undecim
1135 2359 1242 2438 partim

105 2463 284 2539 tegumentis
306 2459 449 2522 librorum
472 2460 659 2540 adglutinptis
682 2460 755 2522 dixit
770 2462 799 2523 C.
818 2461 851 2522 G.
869 2460 1028 2524 Muellerus
1042 2463 1072 2522 in
1095 2460 1242 2521 analecto-

101 2582 170 2624 rum
178 2563 373 2624 Berncnsium
384 2561 526 2644 pamicula
540 2559 693 2642 11111841)
707 2583 735 2644 p.
751 2563 767 2623 l
782 2581 844 2641 sqq.
857 2563 956 2623 addito
970 2565 1056 2624 etiam
1073 2565 1240 2643 scripturae

102 2665 275 2743 specimine.
305 2665 380 2725 Sunt
392 2666 486 2726 iorma
505 2665 646 2745 quadrata
658 2666 778 2736 maiore,
802 2659 908 2745 partim
924 2683 1062 2727 corrosae
1076 2664 1119 2726 vel
1132 2684 1241 2732 erasae,

105 2767 212 2846 partim
236 2765 360 2835 lacerae,
386 2768 514 2845 scriptae
530 2785 545 2827 a
562 2765 678 2826 duobus
693 2765 832 2836 librariis,
856 2785 924 2828 nam
946 2768 1017 2828 heu.
1041 2767 1053 2827 l
1075 2763 1244 2848 381‡399

102 2866 192 2946 paulo
216 2866 338 2928 diversis
367 2867 472 2928 litteris
498 2887 533 2929 ac
562 2878 659 2960 cetera
693 2869 829 2930 conlecti.
886 2868 994 2929 Versus
1028 2870 1179 2929 continent
1212 2869 1242 2929 in

103 2987 221 3049 quaque
242 2971 348 3048 pagina
370 2968 436 3030 XlX
459 2968 536 3030 loliis
558 2976 677 3049 praeter
698 2971 919 3049 inscriptionem
936 2969 971 3038 x,
995 2970 1107 3030 scilicet
1128 2987 1173 3047 ge.
1190 2969 1243 3030 llll

102 3066 644 3133 345-382.383-420.535-566
659 3067 1117 3142 sen.1381—418.685-722
1133 3071 1171 3132 lll
1182 3067 1241 3131 191

105 3167 219 3232 -228,
231 3167 410 3233 457-494.
423 3168 592 3234 aso-532
618 3172 669 3234 llll
689 3169 790 3232 1-38
820 3172 857 3233 Vl
868 3169 1036 3234 css-724
1049 3172 1168 3253 (inserto
1180 3169 1247 3233 678

102 3281 171 3351 post
192 3269 275 3351 695).
320 3273 353 3334 ln
377 3275 483 3352 quibus
511 3293 588 3353 quae
615 3275 674 3352 legi
702 3281 876 3354 potuerant,
905 3281 1061 3354 postquam
1084 3272 1243 3336 Muellerus
1274 3313 1279 3318 -

103 3373 121 3432 l.
147 3373 164 3434 l.
190 3377 346 3454 excerpsit,
370 3377 434 3455 ipse
451 3394 528 3436 anno
547 3373 628 3438 1859
642 3377 752 3437 iterum
768 3375 926 3454 adgressus
948 3374 1077 3436 codicem
1102 3383 1241 3456 quantum

103 3476 184 3555 potui
208 3474 344 3537 delibavi.
401 3477 485 3549 Quod
509 3480 580 3538 den.
606 3478 641 3538 Vl
670 3475 731 3540 678
759 3479 895 3555 sequitur
922 3496 1040 3539 versum
1063 3473 1139 3547 695,
1172 3477 1244 3538 illuc

103 3583 238 3656 spectare
262 3577 392 3648 ridetur,
423 3578 502 3658 quud
526 3580 719 3660 exemplaris,
752 3579 831 3640 unde
855 3581 880 3640 G
908 3562 1074 3659 descriptus
1103 3587 1161 3648 est,
1198 3579 1243 3640 vel

102 3679 209 3766 pagina
227 3678 272 3738 vel
287 3678 390 3740 lolium
405 3682 554 3758 integrum
571 3701 672 3742 versus
688 3680 869 3760 undeviginti
884 3677 1051 3742 678-695
1066 3679 1242 3741 continebat.

188 3779 328 3841 Eiusdem
353 3783 516 3861 fragmenta
539 3781 604 3853 alia,
627 3783 679 3844 sed
704 3801 736 3843 ea
759 3790 819 3843 tam
835 3783 930 3844 lacera
947 3789 980 3843 ut
993 3801 1106 3860 paucae
1130 3789 1242 3844 mutum

101 3880 218 3942 litterae
249 3881 308 3960 legi
335 3886 464 3961 possint,
500 3901 571 3961 quas
598 3884 634 3944 ad
657 3883 794 3945 Aeneidis
816 3883 869 3945 llll
891 3880 1060 3946 675-682
1092 3885 1243 3964 pertinere

102 3981 292 4044 Hattemerus
320 3984 405 4053 vidit,
436 3987 465 4045 in
495 3985 646 4048 codicibus
675 3985 876 4065 Sangallensis
905 3985 1100 4047 bibliothecae
1128 4003 1157 4045 n.
1181 3982 1243 4046 248

103 4091 133 4144 et
153 4079 217 4145 275
242 4093 342 4145 extare
366 4093 467 4146 narrat
489 4086 649 4149 Muellerus
672 4108 699 4167 p.
724 4081 753 4148 6.

186 4183 216 4263 3)
241 4186 339 4247 Codex
357 4191 510 4250 Mediccera
526 4191 584 4264 (M)
609 4189 681 4268 plut.
699 4189 818 4250 xxxix
833 4209 913 4250 nram.
931 4189 1031 4259 xxix,
1049 4189 1118 4249 olim
1137 4188 1242 4249 biblio-

103 4284 207 4348 thecoe
234 4289 390 4350 Vaticanae
418 4310 433 4349 a
463 4291 580 4351 Cosimo
609 4291 621 4350 l
647 4291 683 4352 ah
718 4289 876 4351 heredibus
905 4290 1067 4370 Cardinalis
1095 4289 1242 4368 llodulpbi

102 4388 147 4448 Pii
169 4388 326 4468 carpensis
349 4393 459 4457 mortui
482 4410 559 4452 anno
584 4389 666 4454 1564
688 4393 869 4471 redemptus,
893 4401 925 4451 nt
947 4402 1049 4452 narrat
1072 4391 1240 4457 Reddimus,
