3038 4912
252 311 292 376 98
698 331 946 376 rnonuuouuuu

251 503 400 574 curleium
416 499 561 580 patet'*).
591 497 772 569 Cornelium,
789 505 887 560 autem
912 518 970 560 non
988 499 1116 571 Celsum,
1133 503 1293 578 georgicon
1308 502 1401 562 inter·

251 611 379 684 pretem,
403 601 480 673 dico,
504 603 556 681 qui
579 619 616 662 ne
639 603 703 682 ipse
726 600 844 681 quidem
868 601 989 680 Vergilii
1012 603 1083 662 satis
1105 602 1237 682 aequalis
1259 604 1325 674 luit,
1349 602 1401 663 sed

251 708 374 780 Gallum
398 703 678 774 familiarissimum,
701 712 821 783 poetam
846 712 876 764 et
898 711 1063 773 oratorem,
1094 706 1144 783 qui
1169 703 1212 764 vel
1235 707 1400 766 carminum

249 807 317 868 loco
341 807 449 886 aliquo,
474 807 531 867 uisi
554 805 611 867 alia
638 806 769 884 reliquit,
793 807 967 884 aenigmatis
988 799 1068 866 illius
1095 813 1193 885 potest
1219 809 1400 868 mentionem

250 911 365 971 iecisse.
417 909 557 970 Ceterum
585 907 663 988 apud
686 907 903 989 Philargyrium
927 926 1003 986 quae
1031 907 1172 986 leguntur
1199 907 1301 970 hausta
1331 916 1402 970 sunt

252 1011 490 1083 mutemur
519 1009 640 1070 Pediaui
669 1019 772 1072 contra
800 1010 921 1089 Vergilii
951 1008 1167 1072 obtrectatores
1194 1010 1401 1082 libro„cuius

248 1115 314 1194 ipsa
337 1113 427 1174 verba
450 1112 539 1192 paulo
566 1118 635 1192 post
663 1118 693 1172 et
719 1113 750 1172 in
778 1111 837 1172 illis
866 1119 896 1173 et
918 1113 948 1172 io
972 1112 1123 1174 Servianis
1146 1120 1176 1173 et
1197 1113 1401 1174 liernensibus

250 1214 372 1276 scholiis
395 1221 581 1294 repetuntur.
632 1213 697 1274 Nou
725 1215 804 1274 enim
833 1213 918 1274 video
948 1233 1003 1274 cur
1028 1214 1144 1276 diversa
1173 1214 1209 1274 ab
1238 1213 1295 1275 illis
1324 1233 1400 1293 quae
1428 1265 1429 1268 ,

253 1335 345 1396 supra
368 1315 514 1396 descripsi
535 1315 583 1377 uis
604 1314 782 1396 Philargyrii
804 1314 840 1376 ad
864 1314 884 1376 l.
908 1313 926 1376 l.
955 1316 1055 1378 verbis
1083 1317 1230 1378 contineri
1252 1317 1401 1378 llladvicus

249 1421 281 1480 in
305 1419 382 1498 disp.
407 1419 444 1478 de
466 1417 587 1488 Asconii
610 1418 833 1478 commentariis
855 1436 884 1497 p.
908 1415 928 1479 8
952 1418 1018 1480 adu.
1043 1420 1208 1497 putaverit:
1235 1421 1324 1479 ‘item
1346 1421 1399 1480 As·
1465 1433 1468 1438 ·

251 1523 356 1583 conius
371 1519 519 1582 Pedianus
542 1521 583 1579 ait
604 1537 637 1580 se
659 1519 778 1581 audisse
795 1519 956 1598 Vergilium
979 1519 1126 1582 dicentem
1149 1521 1178 1580 io
1202 1519 1258 1580 boc
1280 1520 1347 1581 loco
1367 1539 1399 1581 se

251 1625 455 1702 grammaticis
478 1639 597 1683 crucem
620 1623 736 1682 fixisse:
769 1623 958 1701 quaesituros
986 1641 1051 1692 eoo,
1088 1623 1112 1682 si
1141 1622 1211 1701 quid
1240 1621 1399 1684 studiosius

251 1723 465 1786 occultaretur.
512 1724 584 1785 dicit
606 1731 704 1784 autem
727 1732 814 1803 poeta
839 1723 971 1786 Coelium
994 1721 1272 1800 llantrranrrm’**).
1325 1724 1398 1785 Nam

252 1827 355 1888 ultima
378 1845 497 1907 quoque
512 1827 630 1887 Asconii
653 1843 718 1886 esse
741 1825 828 1887 docet
843 1827 938 1912 Servii
960 1825 1112 1912 adnotatio
1134 1824 1288 1887 verbosior
1309 1824 1397 1890 haec:

247 1931 345 1990 ‘sane
367 1929 441 1990 baec
465 1929 600 2007 quaestio
623 1929 701 1989 uaria
718 1935 772 1988 est.
797 1947 864 1990 nam
881 1927 930 1989 alii
946 1928 1047 1987 dicunt
1069 1913 1235 2006 significare
1259 1947 1326 1990 oum
1351 1949 1397 1989 se-

248 2031 385 2111 pulcrum
411 2033 508 2092 Caelii
530 2030 676 2091 luxuriosi
706 2029 876 2098 cuiusdam,
907 2031 957 2110 qui
987 2029 1113 2091 venditis
1146 2029 1284 2091 omnibus
1307 2030 1398 2093 rebus

247 2141 277 2193 et
302 2131 486 2213 consumptis
508 2140 623 2194 tantum
646 2131 735 2193 modo
758 2131 813 2192 sibi
829 2133 956 2211 spatium
978 2133 1139 2193 reservavit
1161 2132 1239 2210 quod
1261 2131 1398 2212 sepulcro

251 2237 412 2306 sufficeret,
437 2244 467 2296 et
488 2234 616 2296 voluisse
640 2253 706 2295 eum
731 2252 864 2295 errorem
887 2235 988 2294 lacere
1011 2225 1047 2294 ex
1070 2234 1144 2295 caeli
1168 2242 1197 2294 et
1213 2233 1291 2294 Caeli
1314 2236 1395 2295 simi·

251 2335 384 2408 litudine,
408 2343 441 2398 ut
462 2337 514 2398 sit:
540 2335 588 2397 die
611 2335 692 2406 mibi,
718 2335 838 2398 ubinam
862 2335 997 2416 sepultus
1020 2345 1065 2398 est
1088 2335 1211 2406 Caelius,
1236 2336 1321 2396 cuius
1344 2338 1395 2396 tri-

251 2438 307 2500 bus
329 2440 410 2500 ulnis
433 2441 604 2500 continetur
626 2438 798 2518 sepulcrum
815 2487 822 2500 .
840 2485 847 2498 .
865 2484 872 2498 .
892 2437 1060 2499 ‚tsoontus
1081 2437 1228 2498 Pedianus
1251 2437 1336 2507 dicit,
1365 2455 1397 2498 se

249 2539 413 2618 Vergilium
437 2523 584 2603 dicentem
608 2541 740 2611 audisse,
770 2542 801 2602 in
829 2539 886 2600 hoc
908 2537 974 2600 loco
996 2557 1028 2600 se
1050 2541 1250 2617 grammaticis
1277 2557 1397 2600 crucem

252 2643 364 2712 fixisse,
389 2641 492 2703 voleus
515 2643 654 2722 experiri,
679 2645 745 2720 quis
768 2661 870 2703 eorum
894 2640 1054 2702 studiosior
1075 2643 1272 2712 inveniretur,
1295 2641 1398 2702 rolens

219 2821 222 2826 Ι
248 2743 373 2824 intelligi
396 2744 433 2804 de
457 2747 559 2806 Caelio
580 2745 755 2814 Mantuano,
786 2751 819 2804 ut
844 2762 934 2823 supra
964 2743 1076 2804 dictum
1105 2746 1178 2803 est’
1222 2744 1255 2804 ln
1279 2743 1396 2822 quibus,

250 2865 318 2907 cum
334 2847 496 2909 Asconium
519 2848 621 2925 viginti
643 2848 708 2908 lere
731 2847 819 2906 annis
841 2852 909 2924 posi
931 2855 1057 2907 mortem
1074 2843 1195 2923 Vergilii
1213 2854 1314 2907 natum
1331 2865 1397 2906 esse

247 2947 421 3027 probaverit
441 2948 602 3018 lladvious,
626 2967 749 3011 necesse
773 2956 818 3009 est
840 2956 994 3008 auctorem
1017 2945 1142 3009 tabellae
1166 2947 1203 3008 ab
1218 2950 1344 3030 Asconio
1366 2950 1396 3008 in

248 3053 471 3113 commentariis
494 3051 620 3112 traditae
642 3051 833 3112 librariorum
856 3048 942 3130 culpa
964 3048 1164 3119 intercidisse,
1193 3048 1275 3110 illum
1298 3057 1395 3110 autem

249 3152 322 3215 baec
345 3137 410 3216 iere
433 3173 469 3215 ex
493 3155 594 3215 nescio
617 3173 674 3234 quo
698 3151 828 3216 Cornelii
851 3152 928 3214 libro
951 3152 1099 3212 hausisse:

331 3289 422 3350 ‘dicit
444 3289 602 3352 Cornelius
629 3309 662 3350 se
690 3289 808 3351 audisse
830 3287 990 3367 Vergilium
1020 3287 1166 3348 dicentem
1195 3289 1226 3348 in
1248 3286 1306 3348 hoc
1328 3288 1407 3364 loco¹
1470 3331 1472 3336 .

246 3410 279 3452 se
302 3393 504 3470 grammaticis
528 3411 648 3453 crucem
671 3393 780 3462 fixisse,
803 3399 836 3451 ut
859 3392 1046 3470 experiretur
1070 3391 1137 3468 quis
1160 3408 1262 3451 eorum
1285 3390 1395 3452 studio·

245 3495 307 3555 sior
337 3495 531 3556 inveniretur.
577 3495 711 3573 tetigisse
739 3500 835 3555 autem
861 3491 990 3554 Caelium
1014 3493 1205 3554 Mantuanum
1234 3493 1394 3572 quendam,

241 3598 308 3675 qui’
333 3615 358 3656 e.
383 3616 410 3676 q.
435 3617 459 3659 s.

246 3819 548 3828 ψ...-

308 3969 338 4037 *)
357 3971 464 4023 oledius
482 3975 506 4024 L
529 3969 632 4024 olddlus
652 3969 690 4038 (o.
709 3989 777 4026 corr.
797 3976 822 4023 in
841 3971 864 4038 i)
883 3973 908 4022 P
927 3971 1035 4023 ouidlus
1057 3973 1135 4027 schol.
1153 3970 1234 4024 Beru.
1304 3973 1388 4026 nesab

241 4062 268 4106 to
287 4055 374 4107 rificid
393 4059 417 4108 L
436 4074 480 4108 na.
500 4074 538 4113 so.
558 4061 600 4109 ori
618 4058 711 4109 ficium
729 4061 812 4109 erasis
830 4073 843 4108 s
861 4064 886 4107 et
905 4061 916 4106 t
933 4059 959 4107 P
974 4073 1041 4108 naso
1060 4057 1292 4112 torilieiumaeleol.
1306 4059 1386 4112 Bern.

274 4143 327 4204 ait,
347 4143 414 4206 quia
431 4144 572 4195 Muellerus
590 4145 632 4194 ait
649 4145 695 4209 qui
712 4144 791 4195 codol.
809 4143 889 4194 Beru.
909 4149 992 4208 atque
1005 4145 1056 4192 LP
1107 4135 1239 4193 orificium
1252 4161 1329 4194 erosa
1341 4149 1352 4194 l
1365 4146 1390 4194 P

240 4227 391 4307 torticium.
404 4229 437 4290 L,
455 4231 508 4280 sed.
527 4229 607 4281 Bern.

289 4311 337 4379 **)
360 4315 391 4363 dt
417 4312 448 4381 (i.
467 4331 490 4369 e.
510 4315 612 4366 dicitur
630 4314 667 4382 P)
691 4321 740 4367 out
761 4313 908 4383 proieoeld
926 4314 1080 4368 mantuauei
1097 4315 1155 4378 ΒΡ,
1178 4315 1206 4364 in
1229 4314 1328 4380 quibus
1346 4314 1388 4366 al·

239 4403 325 4449 terum
345 4399 438 4450 Caelii
455 4416 554 4451 nomen
573 4400 661 4452 latere
680 4403 796 4456 videtur.
