3038 4912
575 365 821 408 rnorasouuaa.
1200 423 1205 428 .
1226 341 1266 407 91

112 538 216 597 ‘arma
240 537 422 615 virumque',
446 541 563 594 eeteros
586 541 617 594 ut
639 535 781 602 onrittarn,
805 534 970 594 certissima
994 539 1095 594 exterat
1118 532 1213 596 Ovidii
1236 543 1266 594 et

116 639 267 718 Propertii
290 638 469 698 testimonia.
514 637 616 713 ltaque
638 655 697 697 non
721 634 853 696 melioris
874 637 1057 697 auctoritatis
1071 635 1134 698 Nisi
1150 653 1261 706 versus,

116 757 206 820 quam
231 757 305 818 quos
327 737 363 799 aid
387 738 422 799 vt
438 735 502 799 289
524 738 645 799 Servius
660 738 812 799 Parisinus
835 737 986 798 adnotavit
1008 737 1067 797 diei
1089 736 1265 817 quibasdam

118 839 264 902 lroeloeo
287 848 412 917 aposta
442 838 585 924 relictos,
620 839 672 900 sed
701 838 738 899 ab
769 841 833 910 eius
861 838 1105 900 emendatoribus
1136 837 1269 900 sublatos

116 961 192 1013 asse,
228 950 258 1002 et
288 960 362 1022 quos
395 942 634 1003 ‘circumductos
662 943 799 1003 inventos
833 939 890 1001 dici
921 949 951 1000 et
973 947 1056 1001 extra
1078 941 1216 1019 paginam
1239 942 1269 1002 in

118 1043 247 1106 mundo’
270 1051 332 1104 tres
354 1043 514 1106 versiculos
536 1043 572 1104 ad
596 1040 722 1104 u1204
744 1041 873 1104 Danielis
889 1041 1010 1102 Servius
1033 1047 1146 1104 narrat.
1180 1041 1266 1114 ‘Quo-

116 1165 185 1209 rum
208 1165 263 1208 nee
285 1145 341 1205 bos
364 1163 420 1206 nee
449 1142 515 1206 illos
542 1147 699 1226 quisquam
726 1146 758 1205 in
791 1151 906 1205 textum
938 1151 1044 1223 poetae
1078 1142 1267 1223 reeipieudos

118 1267 186 1310 esse
208 1247 265 1308 sibi
288 1248 445 1326 persuasit.
496 1247 532 1308 Et
554 1249 620 1326 qua
642 1265 701 1308 non
725 1246 821 1307 videat
843 1245 1014 1323 Gorgonum
1037 1245 1073 1305 Vl
1096 1240 1267 1308 28900111-

116 1351 365 1412 memorationem
391 1349 491 1410 thama
512 1349 604 1409 luisse
628 1349 716 1410 buius
740 1348 977 1434 exercitamenti:

273 1488 408 1561 Gorgonis
430 1487 457 1543 in
481 1481 569 1544 mediis
593 1495 754 1563 portentum
778 1489 893 1544 immane
915 1487 1050 1550 Medusae,

272 1575 396 1646 vipereae
420 1574 521 1629 atreum
544 1589 592 1630 ora
616 1590 709 1629 romae
733 1572 780 1629 sui
803 1571 884 1630 sibila
908 1580 1040 1646 torquent

270 1659 438 1732 infamesque
461 1660 552 1732 rigent
575 1658 661 1721 oeuli,
685 1665 837 1732 mentoque
859 1657 910 1714 sub
933 1659 987 1714 imo

269 1751 427 1818 serpentum
450 1745 578 1800 extremis
600 1743 737 1800 nodantur
759 1743 866 1800 vinnula
892 1743 984 1800 caudis
1008 1743 1067 1797 -i

113 1912 178 1973 Nee
201 1910 310 1970 horum
334 1927 472 1970 versuum
496 1907 623 1970 absurda
647 1906 843 1970 tintinnabula

270 2049 334 2106 bine
354 2048 464 2122 Pelopis
487 2056 583 2123 gentes
605 2048 761 2122 blaleaeque
784 2049 908 2105 sonantia
931 2065 993 2105 saxa

271 2139 463 2200 circumstant,
487 2133 644 2208 pariterque
666 2133 753 2190 undae
777 2141 923 2208 terraeque
946 2134 1093 2190 minantur.

271 2219 413 2294 pulsamur
435 2220 521 2274 saevis
544 2227 572 2274 et
595 2217 822 2275 circumsistimur
844 2218 922 2274 unalis

115 2371 187 2413 eum
216 2351 355 2429 genuinis
383 2359 489 2431 poetae
520 2350 618 2412 verbis
642 2350 682 2412 lll
706 2346 874 2412 isa-204
902 2350 1063 2412 conciliari.
1081 2368 1170 2430 posse
1198 2348 1267 2410 olinr
1308 2419 1311 2424 ,

117 2451 270 2514 adnotavi:
295 2451 347 2512 sed
369 2451 461 2513 scribi
485 2470 623 2532 umquam
648 2453 685 2514 ab
709 2473 745 2514 eo
767 2455 899 2532 potuisse
922 2455 1029 2514 lortius
1053 2451 1198 2514 debebam
1216 2471 1267 2512 ne·

117 2573 199 2634 gare.
245 2553 339 2617 lmmo
361 2555 517 2619 maniiesta
535 2561 671 2616 tenemus
686 2554 838 2616 mendacia
854 2555 1112 2634 interpolatorum,
1137 2556 1186 2635 qui
1209 2571 1267 2631 quo

117 2655 234 2718 laeilius
257 2665 424 2718 commenta
451 2674 502 2717 sua
532 2655 663 2718 credulis
691 2657 891 2726 venditarent,
926 2663 1165 2736 praetenderunt
1199 2658 1268 2717 ‘au-

119 2759 261 2820 thentici'
285 2756 472 2838 exemplaris,
497 2756 576 2837 quod
593 2776 756 2836 numquam
782 2760 982 2837 inspexerant,
1006 2759 1195 2820 inexhaustas
1215 2776 1267 2818 ne-

119 2860 183 2922 seio
205 2878 279 2939 quas
303 2859 448 2937 reliquias
458 2859 498 2939 *l
545 2859 640 2938 ipsius
662 2867 761 2920 autem
783 2860 860 2929 Nisi,
891 2861 938 2920 eui
960 2879 1043 2921 suam
1070 2862 1101 2921 in
1130 2859 1268 2921 notandis
1325 2895 1336 2910 ι

123 2961 334 3023 vocabulorum
358 2962 464 3022 lormis
493 2960 735 3038 exagitandisque
765 2959 949 3022 soloecismis
977 2969 1006 3022 et
1033 2963 1117 3023 lastis
1145 2979 1267 3040 eompu-

121 3062 217 3124 tandis
239 3061 356 3124 laudem
382 3063 450 3125 nolo
474 3064 603 3144 eripere,
627 3063 673 3123 bts
695 3064 726 3122 in
749 3061 840 3123 robus
862 3065 922 3123 sive
945 3062 1032 3124 fidem
1056 3065 1117 3124 sive
1140 3063 1267 3124 auctori-

91 3193 96 3204 ·
121 3173 209 3226 tatem
232 3164 392 3226 admodum
421 3164 515 3226 levem
546 3183 611 3226 esse
634 3163 679 3224 vel
703 3183 736 3224 ea
759 3163 880 3233 donent,
911 3181 986 3241 quae
1015 3163 1110 3233 ialam,
1139 3171 1173 3225 ut
1194 3163 1267 3224 Sue·

119 3268 194 3327 touii
217 3265 306 3328 verba
329 3274 481 3347 repetam,
510 3266 644 3327 ‘audisse
666 3285 698 3326 se
720 3284 737 3327 a
761 3264 929 3327 senioribus
952 3265 1102 3335 dieebat’,
1133 3284 1266 3328 commu·

121 3375 199 3428 tasse
230 3367 350 3428 Varium
379 3368 507 3430 duorum
534 3367 680 3429 librorum
710 3367 844 3429 ordinem
875 3373 904 3427 et
932 3369 981 3447 qui
1011 3386 1090 3430 nune
1118 3367 1268 3429 secundus

121 3471 218 3530 estin
241 3471 381 3549 primam,
412 3473 532 3532 tertium
555 3472 585 3531 in
609 3470 788 3540 secuudum,
819 3472 948 3550 primum
971 3472 1000 3530 in
1025 3472 1145 3532 tertium
1167 3470 1266 3532 losum

120 3570 324 3642 transtulisse,
359 3573 500 3634 nimirum
535 3573 621 3653 ‘quia
648 3574 745 3652 primo
769 3570 854 3633 llinm
878 3573 1024 3644 ezorreidit,
1058 3582 1126 3653 post
1159 3573 1268 3634 erravit

119 3677 244 3743 deneas,
268 3673 338 3734 inde
362 3673 398 3738 ad
422 3673 544 3735 [lidonis
566 3691 659 3752 regna
681 3676 833 3753 pervenit’
858 3673 988 3753 (Servius
1009 3675 1105 3754 prael.
1122 3671 1164 3754 2),
1188 3673 1266 3752 quod

120 3792 208 3853 quam
232 3773 327 3835 luttile
351 3781 381 3835 et
402 3774 439 3836 ab
462 3776 544 3836 omni
567 3777 638 3850 artis
660 3794 751 3836 sensu
774 3774 940 3836 abhorrens
961 3777 1103 3838 iudicium
1127 3782 1207 3840 esset
1230 3795 1267 3837 ne

120 3876 256 3964 Sarvipm
279 3875 400 3953 quidem
422 3877 510 3957 lugit.
564 3877 672 3938 Poetae
693 3879 786 3956 igitur
808 3877 964 3956 ingenioso
987 3887 1016 3940 et
1038 3877 1175 3942 familiari
1197 3878 1267 3938 Ver·

119 3976 181 4056 gilii
203 3984 316 4039 tantam
340 3978 491 4040 stultitiam
513 3980 653 4057 inputare
677 3980 743 4057 quis
764 3987 866 4060 posset
889 3981 945 4040 nisi
967 3981 1031 4060 ipse
1055 3980 1153 4041 bisin
1176 3979 1266 4041 rebus

120 4077 329 4140 stultissimus?

188 4349 217 4416 *J
237 4353 311 4417 Ergo
330 4351 363 4402 de
382 4369 478 4404 versus
496 4353 537 4405 Ill
550 4356 599 4404 226
618 4371 726 4421 quoque
739 4354 928 4423 dittogrupbiu
947 4353 1164 4407 ‘circumducta’
1183 4356 1264 4407 terti·

120 4435 205 4486 monii
223 4434 291 4488 tides
310 4437 440 4504 ambigua
459 4443 511 4491 eat.
