3038 4912
246 314 305 380 158
689 337 934 380 enonaoousnx.
974 295 980 306 ⁹

243 507 382 584 regiones
404 524 420 567 a
443 504 624 584 regionibus,
649 515 679 566 et
699 507 730 566 in
753 524 857 584 agone,
882 525 949 568 cum
972 506 1104 586 praemia
1119 524 1135 566 a
1151 505 1301 586 praemiis,
1324 523 1390 565 cer·

244 610 354 670 taurina
382 627 398 670 a
430 607 556 670 diversis
583 607 794 670 certaminibus
808 596 1026 689 'separantur'.
1081 607 1192 670 Eadem
1222 609 1300 676 enim
1328 608 1392 668 lere
1465 645 1468 652 ι

243 711 371 780 Parisini
401 713 587 789 grammatici
623 718 652 772 et
672 710 780 772 Isidori
809 711 980 792 explicatio,
1010 731 1086 792 quae
1114 709 1150 772 ad
1171 709 1301 772 Aeneida
1332 727 1391 770 non

176 851 185 876 a
243 814 342 874 minus
371 831 459 893 quam
487 811 524 873 ad
546 812 637 873 Iliada
667 821 696 874 et
718 812 880 894 Odyssean}
909 813 1056 892 quadrare
1087 813 1211 874 videtur.
1261 813 1334 874 Nam
1364 818 1393 871 et

244 913 412 993 catalogum
427 923 456 976 et
471 915 633 976 certamina
649 915 686 976 ad
701 915 824 978 Homeri
840 916 992 997 exemplar
1007 915 1154 994 Vergilius
1177 932 1294 995 quoque
1309 931 1391 974 com·

243 1001 352 1098 posuit.
398 1016 456 1079 Sed
473 1018 568 1096 ligura
583 1015 671 1078 huius
693 1025 780 1081 notae
803 1019 919 1080 diversa
936 1020 967 1080 in
979 1019 1113 1080 Parisino
1136 1015 1239 1078 codice
1263 1023 1293 1077 et
1314 1014 1393 1096 apud

244 1119 390 1181 isidorum
413 1121 560 1200 pingitur:
591 1119 639 1180 hic
662 1121 739 1182 enim
762 1121 942 1202 paragraphi
963 1129 1033 1182 nota
1060 1120 1134 1182 haec
1157 1122 1195 1203 Γ
1221 1126 1313 1189 extat,
1344 1119 1394 1179 cui

200 1297 204 1309 ὓ
243 1225 379 1303 opposita
402 1223 551 1284 contraria
580 1222 637 1300 ’1,
667 1241 725 1303 qua
753 1223 826 1284 lines
856 1215 876 1284 a
900 1224 1056 1304 principiis
1084 1223 1217 1304 separari
1244 1221 1392 1291 dicuntur,

244 1323 305 1386 illic
328 1334 427 1386 autem
449 1325 530 1403 quod
559 1333 639 1387 extat
671 1331 706 1386 δ
738 1328 857 1404 signum
886 1325 983 1405 diplac
1005 1323 1187 1386 simillimum
1216 1343 1254 1386 ne
1275 1322 1392 1384 intelle·

243 1427 323 1505 gitur
345 1427 542 1507 quidemcur
565 1427 690 1507 simplex
714 1427 821 1489 ductus
836 1427 1011 1509 appelletur,
1036 1446 1103 1490 cum
1126 1429 1165 1488 sit
1186 1426 1305 1506 duplex.
1336 1425 1392 1487 lta·

245 1546 303 1607 que
325 1529 455 1590 Parisini
477 1530 589 1592 codicis
610 1528 767 1592 librarium
790 1529 876 1592 oculo
905 1529 941 1591 ad
969 1518 1143 1608 sequentem
1170 1529 1271 1609 diplen
1292 1535 1393 1590 notam

245 1629 406 1693 aberrasse
429 1640 459 1692 et
480 1631 584 1694 salsam
607 1633 732 1711 liguram
756 1633 924 1713 appinxisse
947 1633 1090 1712 suspicor.

331 1734 469 1796 Ceterum
496 1733 585 1796 huius
607 1743 694 1797 notae
718 1734 853 1816 exempla
876 1734 1030 1796 uberrima
1053 1737 1224 1796 etiamnunc
1244 1732 1396 1795 Mediceus

245 1844 347 1898 noster
378 1837 498 1915 Vergilii
535 1837 628 1899 codex
650 1837 791 1919 praebet,
820 1856 998 1918 quamquam
1028 1845 1058 1899 et
1087 1838 1177 1898 variis
1205 1835 1241 1897 ad
1270 1834 1395 1896 eandem
1446 1895 1447 1898 ,

245 1937 496 2018 νεικεῃοῑεηάεω
526 1941 629 2018 figuris
658 1959 715 2002 nec
742 1947 837 2003 totum
865 1958 921 2019 per
949 1947 1064 2001 textum
1093 1939 1129 2000 ad
1156 1937 1270 2017 singula
1298 1939 1396 2017 capita

217 2057 218 2060 ’
248 2039 456 2120 distinguenda
477 2040 627 2104 diorthota
651 2041 695 2103 rel
717 2041 822 2123 plures
845 2044 908 2104 eius
931 2041 1098 2103 diorthotae
1120 2043 1167 2103 usi
1189 2047 1266 2101 sunt.
1313 2039 1396 2112 Quae

248 2142 369 2223 quidem
392 2162 408 2204 a
431 2143 585 2224 typotlreta
608 2163 673 2206 mea
694 2146 726 2205 in
750 2144 879 2206 editione
901 2145 1030 2224 pessime
1054 2162 1214 2225 expressae
1236 2141 1280 2202 vel
1296 2143 1397 2222 potius

179 2263 180 2266 ’
247 2255 406 2326 corruptae
429 2253 508 2306 sunt.

332 2348 434 2428 Longe
451 2348 691 2428 frequentissime
705 2348 847 2410 antemio
869 2347 926 2409 hoc
944 2347 1021 2409 libro
1036 2351 1166 2425 simplex
1181 2351 1298 2422 ductas,
1323 2346 1352 2406 h.
1370 2364 1396 2407 e.
1432 2381 1448 2395 ·

248 2448 358 2512 lineola
380 2449 469 2511 modo
492 2457 573 2511 recta
597 2449 634 2511 ad
656 2450 735 2512 obeli
762 2452 886 2530 figuram
912 2450 982 2531 (—)
1010 2450 1098 2511 modo
1125 2449 1234 2510 leniter
1257 2448 1398 2510 deorsum

249 2551 287 2612 ab
311 2552 401 2613 altera
424 2560 510 2632 parte
531 2554 655 2614 incurva
678 2553 758 2634 (e)
781 2555 941 2622 invenitur,
963 2555 1048 2633 isque
1070 2571 1189 2633 semper
1210 2553 1274 2613 lere
1297 2569 1398 2631 supra,

249 2652 296 2714 his
318 2655 398 2714 iuxta
420 2656 545 2734 positus.
589 2653 736 2716 Locorum
760 2663 858 2717 autern
881 2654 989 2736 quibus
1011 2653 1161 2716 adhibitus
1187 2662 1232 2716 est
1252 2652 1397 2716 elenchon

247 2756 328 2817 huuc
349 2759 517 2836 composui:
1040 2826 1042 2830 ¹

290 2860 375 2920 initio
410 2860 578 2920 orationum
605 2893 657 2906 —
680 2879 810 2940 superna
832 2861 904 2923 Aen.
928 2860 968 2922 lX
989 2857 1051 2922 247
1085 2860 1124 2921 xl
1147 2856 1219 2922 302.
1241 2855 1303 2921 823

566 2951 654 3022 ’μ
855 2996 867 3009 -
938 2956 1400 3026 -355.404..423Χ294

292 3121 294 3126 .
602 3087 654 3112 —s
858 3099 870 3112 ·
940 3097 951 3110 -
988 3062 1049 3126 281
1457 3089 1462 3094 ·

292 3167 383 3229 linitis
399 3165 584 3228 orationibus
602 3199 654 3214 -
677 3186 806 3248 superna
857 3201 869 3213 ·
938 3200 951 3213 ·
987 3163 1050 3229 324
1082 3161 1194 3228 Χ246
1234 3161 1359 3228 x1520

292 3268 515 3349 distinguuntur
538 3271 635 3350 capita
658 3272 842 3333 orationum:
1085 3279 1090 3288 '

604 3405 656 3431 μ
677 3374 809 3452 praemia
833 3372 977 3433 Ascanius
1000 3378 1157 3431 enumerat
1179 3369 1252 3432 Aen.
1275 3369 1315 3431 lX
1337 3365 1400 3430 263

604 3476 710 3535 —in
733 3474 839 3536 Venuli
862 3475 997 3534 oratione
1018 3476 1092 3534 llcn.
1116 3472 1155 3533 Xl
1176 3469 1258 3535 2752
1402 3547 1405 3552 ,

580 3611 582 3616 .
679 3578 710 3638 in
732 3577 825 3639 Turni
847 3595 993 3657 responso
1044 3610 1056 3623 ·
1123 3608 1134 3621 -
1171 3571 1244 3643 392,
1268 3573 1320 3634 ubi
1330 3575 1400 3649 pul-

740 3697 791 3740 sus
814 3681 938 3759 respicit
960 3680 995 3740 ad
1019 3698 1046 3740 v.
1069 3674 1132 3740 366

293 3779 514 3859 distinguuntur
537 3781 717 3841 narrationis
740 3782 852 3860 capita:

606 3914 657 3940 e
679 3882 715 3942 de
738 3883 808 3944 Niso
832 3885 992 3964 separatim
1015 3890 1154 3944 narratur
1179 3884 1252 3943 Aen.
1277 3879 1316 3941 tx
1338 3875 1401 3941 368

679 3985 711 4045 lit
733 3986 863 4065 impetus
885 3986 915 4045 in
939 3992 1053 4046 turrem
1208 4015 1220 4027 ·
1288 4015 1299 4027 -
1335 3977 1400 4043 535

678 4087 785 4166 incipit
805 4089 923 4148 Aeneae
946 4074 1098 4166 ἀριστεία
1212 4115 1224 4128 -
1282 4082 1309 4143 X
1337 4080 1398 4144 311

678 4187 763 4250 locus
785 4188 821 4250 de
844 4189 964 4268 Cydone
987 4191 1111 4266 eiusque
1133 4185 1275 4247 tratribus
1297 4185 1402 4265 incipit

743 4292 814 4352 len.
838 4290 863 4351 X
886 4287 950 4352 324

680 4393 757 4455 idem
780 4394 880 4454 linitus
901 4395 972 4456 Aen.
997 4391 1020 4453 ll
1045 4389 1108 4452 342
