3038 4912
555 353 814 400 recenseamus.
1223 335 1264 403 79

116 529 230 584 aestate
258 521 304 582 vel
331 529 491 584 auctumoo
514 520 638 602 Libycas
666 541 735 584 oras
763 523 918 585 advenisse
948 524 1082 586 videatur
1105 527 1156 608 (lll
1179 523 1263 603 715).

116 622 263 684 Similiter
285 624 317 684 in
339 625 501 702 georgicon
524 630 554 684 et
576 623 616 685 lll
640 621 701 686 190
724 628 791 706 equi
814 626 949 687 exerceri
976 625 1118 689 iubentur
1151 629 1264 690 ‘tribus

116 725 230 786 exactis
252 724 304 784 ulai
325 735 429 804 quarta
452 727 602 804 acceperit
624 731 751 796 aestas’,
776 736 806 788 et
828 723 958 789 1111207
975 747 1064 807 apum
1080 749 1116 790 ex
1138 729 1264 792 lloribus

115 825 350 888 mellificantium
373 835 453 888 aetas
475 827 628 910 definitur:
659 832 774 908 ‘neque
804 830 883 890 enirn
911 827 978 907 plus
999 832 1124 909 septima
1147 832 1264 893 ducitur

115 932 243 990 oestos'.
288 928 397 990 Mirum
419 937 518 990 tamen
553 939 662 1000 manet,
697 929 727 989 in
761 929 868 992 hiemis
900 931 981 991 exitu
1014 949 1075 991 non
1104 933 1264 1013 adpropin-

116 1047 211 1108 quare
233 1039 410 1108 sequentem
431 1037 575 1094 aestatem
597 1031 650 1092 sed
672 1034 865 1112 praeteritam
886 1033 1005 1094 iamiam
1028 1025 1064 1094 ad
1087 1036 1176 1096 linem
1198 1053 1263 1096 ver·

114 1149 188 1211 gere
211 1133 279 1194 dici.

201 1235 296 1296 lmnro
317 1236 416 1314 ipsum
438 1237 529 1313 primi
549 1234 621 1296 libri
650 1236 762 1297 exitum
790 1238 879 1298 etiam
907 1235 984 1298 hanc
1014 1235 1052 1297 ob
1075 1256 1194 1300 causam
1218 1240 1263 1300 in-

114 1335 221 1416 probo,
246 1335 325 1416 quod
349 1354 408 1397 non
430 1336 620 1416 intellegitur,
630 1339 723 1401 nude
744 1338 865 1400 tandem
888 1340 991 1418 regina
1005 1340 1096 1400 istum
1118 1359 1269 1401 annorunr

114 1457 275 1500 numerum
298 1440 472 1517 cognoverit
495 1446 525 1500 et
539 1456 593 1500 cur
609 1441 731 1502 omniuo
748 1443 1034 1502 commemoraverit.
1059 1441 1151 1520 ldque
1166 1444 1263 1522 ipsum

115 1543 255 1620 antiquos
279 1542 400 1602 criticos
423 1542 604 1618 quaesivisse
627 1541 715 1603 docet
738 1542 833 1602 Servii
855 1543 1019 1622 adnotatio:
1050 1546 1183 1623 ‘septem
1210 1563 1262 1606 au·

114 1652 175 1704 tem
199 1661 293 1705 annos
315 1661 382 1704 esse
404 1642 479 1705 Dido
501 1643 638 1720 cognovit
661 1662 697 1704 ex
720 1643 837 1706 Teucro
847 1649 865 1705 ’.
912 1643 1031 1706 Scilicet
1053 1647 1196 1707 memoria
1220 1655 1263 1706 te·

118 1743 210 1805 nebat
231 1744 307 1806 Dido
335 1761 445 1805 annum
468 1745 590 1806 Troiani
618 1745 740 1816 excidii,
775 1746 813 1807 de
841 1764 901 1826 quo
928 1746 1045 1807 Teucer
1077 1745 1146 1807 olim
1171 1743 1263 1828 (619),

116 1865 186 1907 cunr
209 1845 319 1908 Sidona
341 1847 487 1915 venisset,
518 1847 576 1926 ipsi
605 1855 777 1910 narraverat
800 1844 896 1928 (623),
926 1855 956 1909 et
983 1848 1052 1909 inde
1075 1851 1264 1928 computavit,

115 1957 192 2026 quot
216 1966 310 2009 annos
332 1946 524 2008 circumlatus
555 1956 635 2010 esset
662 1948 782 2029 hospes.
834 1949 919 2021 Quod
948 1968 1016 2010 cum
1044 1949 1117 2009 milri
1145 1950 1263 2030 quidem

113 2052 187 2110 satis
208 2051 348 2128 ineptum
370 2049 514 2120 videatur,
539 2039 640 2110 nescio
655 2068 692 2111 an
709 2051 857 2130 Vergilius
872 2049 945 2112 haec
960 2059 1073 2112 tantum
1091 2051 1261 2129 reliquerit:

266 2171 366 2228 ‘immo
389 2189 445 2248 age,
463 2181 490 2229 et
513 2191 526 2228 a
550 2175 636 2247 primo
660 2173 717 2237 dic,
745 2174 861 2249 hospes,
893 2175 999 2247 origine
1022 2171 1101 2231 uobis

268 2257 397 2314 insidias'
421 2258 511 2331 inquit
536 2257 672 2314 ‘Danaum
695 2275 831 2334 casusque
855 2267 963 2315 tuorum

269 2359 433 2416 erroresque
455 2351 518 2400 tuos
529 2343 554 2374 '³

123 2450 223 2502 cetera
245 2439 442 2520 interpolator
465 2442 605 2521 antiquus
628 2440 783 2503 addiderit.

202 2559 283 2620 lnter
305 2577 418 2621 nonum
443 2567 472 2620 et
494 2561 630 2640 quintum
653 2560 761 2622 librum
789 2579 865 2641 quae
895 2559 1060 2622 intercedat
1087 2564 1163 2622 ratio
1185 2563 1261 2624 Con·

115 2662 186 2723 rads
208 2680 236 2741 p.
260 2661 326 2722 Vlll
349 2669 379 2721 et
400 2659 494 2722 XXlll
524 2663 706 2742 significavit.
757 2663 891 2724 Meminit
920 2665 1000 2724 enirn
1029 2662 1067 2724 lll
1089 2660 1151 2725 217
1175 2665 1264 2726 Nisus

117 2761 201 2824 urbis
222 2765 347 2824 Acestae
374 2764 406 2823 in
435 2761 534 2825 Sicilia
562 2764 698 2825 conditae
721 2765 744 2825 V
766 2761 842 2836 750,
879 2782 1057 2846 quamquam
1085 2766 1164 2845 quod
1193 2767 1264 2827 dicit

118 2863 212 2926 solam
235 2863 355 2945 Euryali
376 2873 502 2926 matrem
524 2874 626 2946 spreta
648 2864 697 2926 illa
721 2861 797 2928 sede
814 2871 933 2928 Aenean
963 2867 1106 2928 etlilium
1131 2876 1262 2929 secutam

117 2985 183 3028 esse
205 2966 266 3028 illic
289 2985 348 3028 non
371 2976 563 3029 memoratur.
609 2968 684 3027 ltem
706 2969 843 3030 convenit
865 2987 933 3028 cum
956 2970 1068 3046 quinto,
1093 2969 1172 3046 quod
1195 2988 1262 3031 cum

115 3068 301 3147 ‘Argolicum
326 3077 472 3130 terrorem
494 3072 574 3130 inter
596 3070 763 3149 Troiaeque
784 3068 921 3152 labores'
946 3069 995 3151 (lx
1016 3066 1089 3151 202)
1113 3069 1261 3132 sublatum

116 3177 147 3230 ct
170 3170 320 3232 eruditum
344 3189 410 3232 esse
432 3170 580 3251 Euryalus
608 3171 677 3232 ‘ora
704 3189 779 3251 puer
807 3174 905 3253 primo
933 3174 1054 3250 signans
1075 3173 1194 3234 intonsa
1215 3175 1261 3234 iu·

116 3277 220 3334 venta'
245 3269 328 3354 (181)
352 3293 384 3334 sc
406 3273 571 3354 praedicet,
601 3291 724 3334 neccsse
754 3283 798 3335 est
825 3292 885 3335 non
908 3275 1006 3334 minus
1029 3281 1144 3354 septem
1167 3293 1262 3335 annos

117 3382 268 3436 errantem
292 3377 412 3437 Aenean
435 3377 466 3436 in
489 3394 568 3436 nouo
591 3393 711 3454 quoque
734 3377 852 3437 finxerit
878 3385 975 3456 poeta.
1026 3376 1133 3438 lllirum
1162 3385 1260 3439 tamen

116 3476 193 3555 quod
218 3474 268 3537 lvic
291 3495 335 3536 vv.
361 3473 422 3538 176
445 3497 508 3557 sqq.
533 3479 573 3540 ita
596 3477 806 3540 describuntur
828 3477 918 3539 Nisus
940 3486 970 3538 et
990 3477 1148 3559 Euryalus,
1178 3481 1261 3556 quasi

115 3597 277 3659 numquam
307 3586 392 3640 antea
421 3581 533 3640 mentio
561 3597 665 3640 corum
692 3582 769 3640 lacta
798 3587 886 3642 esset.
930 3580 1043 3642 Tamen
1066 3582 1089 3641 V
1110 3577 1175 3642 294
1196 3601 1260 3661 sqq.
1275 3563 1279 3574 Ἀ

114 3683 144 3740 in
169 3682 333 3742 certamine
355 3683 434 3742 inter
458 3699 595 3742 cursores
619 3683 759 3743 eminent.
812 3682 896 3744 Unde
924 3681 1117 3762 probabiliter
1139 3683 1259 3759 ellicies,

116 3781 192 3842 lruuc
215 3789 297 3843 certe
320 3783 416 3860 quinti
438 3780 505 3844 libri
528 3791 643 3863 partem
666 3781 854 3863 (286-361)
871 3793 940 3863 post
952 3783 1026 3845 illud
1042 3783 1122 3863 quod
1137 3784 1167 3845 in
1182 3803 1261 3844 norro

116 3883 194 3945 libro
218 3892 264 3944 est
285 3883 323 3944 de
345 3884 417 3946 Niso
440 3894 470 3946 et
490 3884 617 3967 Euryalo
641 3885 805 3965 episodium
830 3883 1018 3964 (lto—503)
1042 3894 1140 3947 ortum
1165 3907 1238 3948 esse.

197 3985 336 4046 Cetemm
360 3988 464 4066 quinto
486 3986 564 4048 libro
587 4005 756 4066 supremam
780 4006 900 4048 manum
924 3987 1054 4050 defuisse
1075 3991 1147 4049 satis
1161 3989 1262 4050 multis

110 4088 249 4167 proditur
275 4087 404 4150 iudiciis
451 4088 641 4150 Hemistichia
665 4109 744 4151 nune
760 4108 878 4171 quoque
893 4093 922 4150 in
939 4090 1076 4152 omnibus
1090 4091 1175 4152 libris
1188 4089 1261 4152 haec

110 4198 240 4252 restant:
264 4187 336 4250 294.
360 4186 432 4251 322.
456 4187 528 4250 ott.
553 4189 624 4252 653.
649 4189 720 4253 792.
744 4189 816 4262 815,
841 4192 892 4253 sed
915 4212 1014 4274 panno
1030 4193 1134 4254 adsuta
1149 4195 1179 4254 in
1196 4195 1260 4271 qui·

113 4291 240 4354 busdam
263 4291 340 4352 rnale
365 4291 513 4370 expletum
536 4291 609 4354 595.
659 4293 696 4354 Et
718 4293 805 4355 simili
828 4294 906 4355 lusui
935 4295 1004 4356 olibi
1027 4313 1146 4375 qnoque
1168 4297 1259 4356 inter-

110 4392 264 4471 polatores
286 4392 445 4454 indulsisse
468 4397 618 4475 suspicor:
649 4415 673 4455 v.
700 4393 770 4457 120.
793 4393 857 4456 403
881 4396 941 4475 (ubi
968 4407 1088 4476 praeter
1111 4415 1154 4466 ea,
1184 4416 1259 4474 qnae
