2962 4904
524 382 771 427 recusauerim.
1186 361 1225 426 15

74 549 228 620 retulisse,
252 569 320 612 cum
343 551 463 612 victoria
487 551 564 631 apud
581 551 763 615 Naulochum
787 549 823 612 ab
846 549 975 630 Agrippa
998 551 1035 610 de
1051 549 1118 612 Sex.
1135 551 1222 612 Pum-

75 654 144 732 peic
166 645 204 712 ἐν
226 640 438 735 φθινοπώρῳ
466 661 617 732 reportata
645 663 765 716 senatus
793 653 913 714 decreto
936 651 1110 739 Nouembris
1138 654 1224 714 initio

76 757 193 832 magnis
216 755 395 816 Octavianus
417 753 580 816 honoribus
608 765 712 818 auctus
740 759 771 816 in
800 755 924 834 singulis
951 753 1118 817 civitatibus
1145 756 1223 817 iuter

76 856 148 917 deos
182 859 269 918 etiam
304 855 499 936 municipales
532 857 590 930 ccli
622 860 771 938 caepisset
804 857 938 936 (dppiani
973 857 1002 918 b.
1037 875 1062 919 c.
1094 857 1117 920 V
1142 854 1223 936 132).

76 959 262 1038 Quamquam
284 961 379 1020 miror
402 959 480 1039 quod
505 961 657 1021 ‘materna
678 964 794 1038 myrto'
818 955 1221 1026 v.281rrureumcoronam‚

77 1077 164 1138 quarn
186 1071 364 1140 perpetuam
380 1061 540 1122 Octaviano
565 1069 627 1121 tum
651 1060 801 1122 decretam
825 1079 891 1121 esse
908 1059 960 1121 llic
982 1059 1166 1122 XXXXVllll
1184 1058 1222 1122 15

77 1173 187 1233 narrat,
212 1164 373 1242 significari
395 1163 511 1224 statuit:
536 1173 679 1242 myrteam
704 1165 783 1224 enim
800 1182 940 1225 corenam
957 1169 1077 1223 orantes
1093 1165 1221 1241 gessisse

76 1263 188 1326 Plinius
212 1285 241 1326 n.
266 1265 295 1325 h.
320 1263 369 1326 XV
391 1262 443 1336 29,
469 1261 530 1326 125
553 1281 617 1345 sqq.
644 1273 673 1326 et
695 1265 806 1326 Gellius
829 1264 851 1323 V
873 1263 902 1336 6,
925 1263 968 1326 20
990 1284 1055 1344 sqq.
1084 1273 1222 1326 auctores

76 1375 145 1428 sunt
167 1377 197 1428 et
220 1375 357 1428 ovantem
380 1387 416 1428 ex
432 1366 529 1429 Sicilia
546 1367 652 1428 urbem
668 1369 838 1446 ingressum
863 1386 929 1428 esse
946 1368 1102 1428 Caesarem
1125 1367 1223 1429 iniibus
1262 1403 1264 1406 -

76 1467 294 1530 Novembribus
317 1470 386 1530 anni
410 1465 472 1530 718
496 1475 559 1530 acta
583 1468 773 1548 triumphalia
792 1467 954 1548 Capitolina
978 1475 1132 1529 testantur.
1162 1469 1222 1530 Nee

75 1577 198 1650 propter
221 1572 334 1632 marina
358 1570 462 1632 classis
483 1570 617 1651 pericula
639 1589 699 1632 non
722 1589 793 1631 sane
809 1589 929 1650 semper
943 1570 1068 1632 feliciter
1084 1579 1221 1650 superata

75 1681 282 1750 recreatarum
302 1680 452 1749 potentem
477 1691 500 1731 v.
519 1669 559 1733 27
577 1672 686 1733 dictum
712 1691 778 1733 esse
793 1671 946 1750 intellego,
971 1691 1037 1734 cum
1056 1689 1132 1749 quae
1148 1674 1222 1734 mari

74 1784 154 1852 gesta
178 1783 249 1834 sunt
271 1773 365 1834 altero
388 1773 523 1834 membru
540 1773 608 1835 inde
632 1793 647 1834 a
670 1793 696 1836 r.
714 1769 839 1836 29-31
857 1780 1025 1852 tangantur,
1050 1775 1149 1854 priore
1172 1793 1222 1836 au·
1323 1844 1326 1848 ,

74 1885 132 1936 tem
154 1874 225 1936 inde
248 1893 263 1934 a
287 1895 312 1936 v.
329 1872 454 1937 26-28
480 1878 597 1948 sardium
620 1883 833 1952 terrarumque
853 1894 931 1937 curu
954 1875 1100 1945 laudetur,
1134 1895 1221 1956 quam

73 1987 268 2058 suscepturus
284 1964 339 2039 est.
384 1981 520 2054 erucem
536 1979 626 2055 igitur
648 1986 914 2056 tempestatumque
932 1985 1083 2056 petentem
1106 1997 1141 2038 ec
1164 1977 1221 2039 diei

72 2088 205 2160 apparet,
230 2080 309 2160 quod
332 2089 508 2160 recuperata
530 2097 604 2160 paee
627 2079 786 2158 diligenter
809 2098 844 2140 ae
859 2079 1024 2158 prudenter
1047 2079 1083 2140 ab
1100 2097 1135 2140 5ο
1151 2098 1219 2140 cau·

70 2193 133 2244 tum
156 2184 193 2243 iri
217 2189 321 2261 sperat
341 2189 439 2261 poeta,
463 2200 500 2242 ne
524 2199 663 2259 umquam
686 2182 788 2261 postea
805 2183 1084 2243 annonaecaritatc
1106 2179 1221 2244 laboret

69 2284 153 2346 ltalia
176 2293 265 2362 atquc
288 2283 390 2344 lloma.
437 2283 510 2344 Nam
526 2281 735 2344 molestissima
749 2301 804 2362 per
819 2283 952 2344 Siculum
966 2284 1093 2344 mraxime
1109 2282 1219 2345 bellum

68 2389 147 2448 lame
170 2385 352 2448 laboravisse
374 2385 524 2446 Romanos
547 2385 667 2446 tradunt
690 2385 746 2446 llic·
763 2383 932 2446 XXXXVlll
954 2383 994 2447 31
1019 2395 1049 2445 et
1068 2385 1219 2466 Appianus

70 2488 97 2549 b.
124 2505 149 2548 c.
175 2483 254 2547 767
272 2503 316 2564 sq.
341 2486 437 2567 lpsam
462 2504 597 2548 annonae
620 2505 721 2549 euram
745 2507 823 2548 arluc
846 2487 967 2548 demum
984 2485 1045 2550 732
1068 2490 1219 2568 recepisse

67 2593 237 2667 Augustum
261 2596 366 2649 notum
390 2596 443 2648 est.
496 2589 630 2666 lienique
659 2588 736 2668 quud
768 2591 796 2648 in
827 2589 1000 2650 enarrandis
1031 2588 1122 2650 rebus
1148 2608 1219 2651 vere

68 2687 226 2752 5551720
259 2691 351 2768 gestis
384 2690 463 2750 idem
486 2688 539 2749 [lin
562 2687 809 2751 xxxxv111138
843 2698 989 2752 meruerat
1022 2678 1219 2771 ὡρμημένου

66 2785 105 2854 δὲ
127 2781 237 2852 αὐτοῦ
259 2794 310 2870 (55.
335 2787 396 2852 τοῦ
412 2790 589 2872 Καίσαρος)
614 2785 668 2852 καὶ
690 2785 723 2864 ἐς
745 2780 807 2872 τὴν
829 2791 1039 2871 Βρεταυνίαν
1061 2783 1145 2870 κατὰ
1159 2781 1219 2854 τὸν

67 2883 281 2972 τοῦπατρὸς
309 2889 409 2972 ζῆλον
437 2889 638 2974 στρατεῦσαι
666 2893 751 2956 iacile
780 2896 908 2955 conicias
935 2893 1024 2974 paulo
1047 2903 1115 2958 ante
1139 2913 1217 2957 arum

66 2994 200 3057 551718
225 2995 270 3056 rel
294 2993 357 3056 719
380 3013 501 3057 rumore
524 2996 676 3058 lrcminum
700 3004 857 3057 tractatum
882 3015 957 3066 csse,
981 3004 1014 3058 ut
1037 3014 1111 3076 quae
1135 3015 1159 3057 r.
1176 2995 1218 3058 30

66 3101 245 3160 vaticinatur
268 3105 355 3177 poeta
380 3100 585 3159 ’117555νυὶ111
606 3103 713 3160 ultima
738 3099 850 3174 Thyle’
879 3099 1031 3177 adipsum
1060 3098 1139 3160 illam
1164 3118 1215 3159 ex-

65 3202 251 3281 peditionem
267 3201 478 3270 Britannicam,
502 3219 596 3280 quam
614 3220 682 3261 rncx
704 3209 841 3281 paratum
864 3202 902 3261 iri
924 3220 1023 3261 sermo
1044 3209 1131 3270 esset,
1156 3219 1215 3262 nun
1277 3259 1278 3262 ,

65 3306 165 3384 inepte
188 3304 367 3366 referantur.
1112 3303 1113 3306 ’

149 3407 247 3466 Porro
271 3407 302 3466 in
326 3414 460 3467 extrema
483 3404 559 3467 libro
583 3404 662 3484 quod
687 3407 820 3482 queritur
844 3424 868 3466 r.
892 3403 955 3467 505
978 3423 1041 3486 sqq.

373 3529 413 3584 las
436 3545 543 3584 versum
566 3536 648 3602 atquc
672 3529 762 3584 naias:
788 3537 828 3584 tot
850 3528 921 3584 bella
945 3547 993 3602 per
1009 3530 1111 3592 arlrem,

196 3623 251 3670 tam
274 3613 374 3670 multae
398 3613 531 3671 scelerum
555 3613 655 3679 iacics;
678 3631 732 3670 non
755 3615 829 3670 ullus
852 3623 943 3669 aratro

193 3699 294 3773 dignus
316 3700 418 3762 hunos.
442 3698 569 3774 squalent
590 3699 714 3755 abductis
737 3717 797 3755 arra
821 3700 927 3755 culcnis
950 3715 975 3754 r.
998 3720 1024 3774 q.
1049 3717 1073 3757 5.

62 3815 141 3894 qued
164 3819 285 3877 saeuire
306 3823 367 3876 totn
390 3818 462 3876 arde
485 3817 616 3876 Martem
638 3817 762 3893 tenplum
784 3815 856 3876 dicit
882 3835 907 3876 v.
939 3812 999 3875 511
1025 3815 1164 3895 (quodque
1186 3835 1211 3876 v.

60 3915 126 3980 500
147 3928 291 3999 precatur

193 4036 267 4090 hunc
289 4033 386 4090 saltem
409 4051 504 4091 everso
526 4036 652 4090 iuvenem
674 4049 834 4090 succurrere
851 4032 941 4090 saeclo

193 4137 227 4176 ne
250 4119 409 4194 prohibete!

63 4237 180 4291 eertum
205 4235 334 4288 estnon
357 4245 447 4307 posse
469 4244 547 4288 anno
570 4223 632 4289 725
654 4227 774 4288 demum
797 4227 939 4306 scriptum
965 4245 1046 4297 esse,
1076 4247 1134 4307 quo
1158 4228 1211 4290 tri·

64 4334 144 4410 ginta
177 4347 229 4390 sex
260 4347 406 4390 antrorum
437 4331 479 4389 vir
508 4330 684 4392 Octavianus
714 4329 773 4390 lani
802 4328 944 4410 templum
974 4328 1087 4391 elausit.
1138 4331 1210 4392 Nam

63 4436 216 4494 dominum
245 4449 361 4492 curare
388 4434 556 4509 triumphus
585 4432 623 4510 (v.
647 4429 735 4512 504),
764 4430 793 4491 lr.
825 4449 850 4490 c.
882 4448 1042 4508 quaerere,
1074 4431 1210 4493 meditari
