2956 4906
581 371 829 416 PROLEGOMBNA.

666 638 742 720 §s

219 813 336 872 Urbani
356 818 437 871 aetas
459 809 548 890 paulo
571 812 683 871 certius
706 810 826 870 vloliniri
853 816 952 889 potest
980 808 1093 870 collatis
1116 809 1214 870 Servii
1241 808 1278 869 ad

133 915 204 972 derv.
234 909 341 973 volt
373 921 402 971 et
431 911 607 974 scholiastae
630 911 811 973 Veronensis
839 911 875 972 ad
907 910 1039 971 eiusdem
1069 909 1137 971 libri
1166 928 1190 970 v.
1214 907 1278 971 488

133 1012 382 1074 adnotationibus.
415 1013 497 1074 Unde
520 1020 634 1074 certum
659 1015 690 1075 bt
712 1012 834 1074 Cornuti
857 1013 1087 1073 commentarios
1110 1013 1278 1092 respexisse

134 1113 294 1176 Urbanum.
327 1114 467 1177 Defendit
482 1118 559 1176 enim
577 1117 774 1193 vituperatum
792 1113 894 1176 abillo
910 1120 1027 1195 poetam
1044 1113 1122 1192 quod
1145 1116 1277 1175 ‘sacram

133 1217 221 1276 rnatri
237 1234 309 1276 snae
324 1235 406 1276 avem
423 1219 536 1295 sagittis
551 1217 697 1294 figendam
714 1218 916 1278 constituerit'
934 1217 1058 1284 teneas,
1081 1234 1149 1277 cum
1166 1215 1280 1276 diceret

132 1319 277 1378 ‘matrem
302 1317 388 1378 citius
411 1320 545 1397 potuisse
569 1316 705 1397 placari'.
757 1318 792 1378 Et
818 1318 896 1379 banc
923 1336 1028 1379 rursus
1058 1319 1278 1378 excusationem

135 1419 262 1497 Longus,
287 1420 316 1478 ni
338 1417 434 1489 fallor,
458 1423 521 1482 sois
537 1423 721 1498 argumentis
737 1419 897 1500 supplevit:
922 1427 951 1480 et
966 1421 1087 1482 Homeri
1109 1418 1278 1498 exemplum
1311 1475 1321 1488 ,

132 1527 267 1580 secutum
284 1538 350 1596 esse
367 1499 528 1600 Vergilium
546 1528 575 1581 et
589 1539 808 1602 quamcumque
823 1521 1029 1602 suspendisset
1047 1539 1130 1583 avem
1146 1523 1279 1582 tutorum

132 1622 224 1681 luisse
247 1628 280 1682 ut
308 1622 338 1681 in
367 1625 480 1684 crimen
508 1622 668 1693 incideret,
702 1642 769 1684 cum
804 1623 937 1704 ‘singulo
965 1641 1076 1703 genera
1105 1621 1205 1683 alitum
1234 1620 1280 1683 dis

133 1722 301 1801 quibusque
324 1726 516 1786 consecrata'
540 1726 606 1784 sint

135 1861 139 1868 ·
218 1827 295 1906 Ergo
326 1827 457 1906 Cornuto
485 1827 585 1887 iunior
613 1826 746 1904 Longum
776 1833 872 1888 aetate
905 1829 1102 1889 antecessisse
1130 1826 1280 1906 putandus

134 1931 190 1989 erit
206 1928 352 1990 Urbanus.
397 1929 434 1989 Et
455 1929 595 2007 quoniam
618 1929 647 1988 in
671 1928 864 1989 obtrectando
886 1936 974 2008 poeta
996 1928 1280 2009 quaestionibusque

134 2031 287 2092 nectendis
311 2038 459 2096 versatum
483 2030 618 2090 novimus
634 2030 806 2100 Cornutum,
830 2030 956 2092 tortasse
978 2030 1043 2092 aliis
1066 2048 1185 2110 quoque
1205 2030 1280 2092 locis

135 2125 280 2202 Urbanus,
304 2132 356 2194 ubi
379 2150 496 2193 causam
518 2130 598 2192 illius
614 2139 716 2192 contra
739 2131 942 2194 adversarium
956 2150 1045 2211 agere
1061 2132 1185 2203 videtur,
1208 2132 1280 2194 Gor·

134 2235 196 2294 nuti
230 2235 418 2313 potissimum
452 2235 682 2294 commentarios
715 2235 853 2313 respexit.
909 2233 996 2295 Velut
1028 2233 1114 2313 paulo
1147 2243 1217 2315 post
1250 2237 1280 2297 io
1343 2315 1344 2318 Ἴ

135 2333 239 2394 eodem
269 2337 432 2396 certamine
463 2333 500 2394 ad
527 2337 600 2395 beo.
626 2332 732 2398 v493
760 2337 791 2398 in
814 2333 1045 2414 Guelferbytano
1073 2335 1177 2396 codice
1205 2336 1280 2398 baec

133 2435 286 2514 leguntur:
311 2436 478 2516 ‘quomodo
501 2435 673 2498 Mnestheus
696 2437 748 2517 (sc.
773 2435 886 2516 victor),
911 2456 978 2498 cum
1002 2437 1164 2500 Cloanthus
1188 2441 1280 2500 victor

135 2539 285 2600 extiterit?
309 2538 447 2599 solvitur:
471 2538 524 2598 sed
547 2539 640 2616 victor
661 2537 813 2601 Mnesteus
836 2541 952 2609 virtute,
983 2541 1032 2619 qui
1057 2539 1093 2601 de
1117 2540 1221 2602 ultimo
1243 2541 1280 2602 ad

59 2653 61 2656 ·
134 2641 254 2700 tertium
277 2639 375 2700 locum
399 2641 495 2701 venit'
519 2659 544 2700 ο.
562 2656 590 2716 q.
608 2659 631 2701 s.
676 2639 766 2701 Paulo
782 2640 940 2716 diversam,
963 2659 1142 2720 quamquam
1159 2645 1280 2704 minime

134 2740 214 2801 illam
238 2739 432 2820 probabilem,
456 2740 509 2802 sed
532 2758 607 2818 quae
630 2748 728 2802 temen
751 2742 788 2803 ad
811 2742 935 2803 eandem
951 2742 1153 2805 difficultatem
1169 2753 1279 2805 motam

134 2843 260 2903 fortasse
283 2835 299 2902 a
323 2842 454 2903 Cornuto
477 2847 601 2921 spectet,
625 2844 802 2904 sententiam
826 2844 963 2905 Urbanus
986 2844 1147 2924 protulisse
1170 2848 1279 2908 iertur:

134 2943 285 3006 ‘Urbanus
298 2962 368 3003 vero
380 2943 453 3004 dicit
463 2946 551 3005 modo
564 2943 796 3025 propemodum,
813 2964 917 3025 paene.
943 2964 1011 3007 nom
1027 2947 1177 3009 secundus
1192 2950 1249 3009 luit
1259 2954 1278 3008 '.

135 3048 171 3107 bt
193 3046 294 3106 nescio
316 3047 401 3106 cuius
424 3047 499 3106 ratio
521 3046 676 3106 sanissima
700 3047 726 3106 ei
750 3046 933 3124 displicuerit
954 3049 984 3107 in
1008 3047 1191 3127 explicandis
1207 3057 1279 3112 ben,

134 3146 171 3206 Vl
194 3143 256 3207 609
280 3145 378 3207 verbis
402 3147 502 3208 ‘iraus
524 3147 632 3207 innexa
656 3147 830 3226 clienti’*):
855 3151 1002 3228 ignoravit
1017 3156 1116 3210 autem
1132 3171 1206 3230 quae
1229 3172 1281 3213 an·

134 3249 216 3326 tiquo
239 3254 372 3325 tempore
388 3256 545 3326 patronum
561 3249 639 3309 inter
656 3257 685 3310 et
699 3250 837 3312 clientem
853 3250 1039 3311 necessitudo
1054 3253 1279 3323 intercessisset,

135 3368 191 3410 nec
213 3348 288 3410 ultra
312 3368 381 3409 suae
404 3351 508 3410 aetatis
530 3369 649 3430 pravam
673 3351 917 3413 consuetudinem
946 3355 1125 3414 sanctissimi
1153 3357 1281 3417 instituti

135 3453 279 3514 rationem
303 3458 450 3512 scrutatus
473 3459 546 3513 eret.
592 3453 735 3514 Perverse
757 3454 836 3520 idem
859 3473 905 3533 ge.
921 3451 1025 3516 11424
1046 3456 1199 3534 ‘gravidas
1214 3477 1281 3518 cum

135 3571 255 3614 vomere
282 3553 398 3630 lruges'
432 3553 522 3614 verba
554 3555 767 3632 interpretatus
801 3565 846 3616 est
876 3557 994 3619 ‘statim
1023 3565 1091 3637 post
1118 3560 1281 3620 arationem

203 3821 232 3890 ⁸¹)
252 3824 363 3876 Servius
381 3825 449 3879 Aeo.
468 3824 507 3876 vl
524 3825 574 3876 609
592 3829 633 3876 ‘et
651 3825 729 3875 ireos
752 3826 854 3878 innexa
877 3825 983 3894 clienti]
1003 3845 1037 3880 ex
1056 3829 1281 3895 lege'duodeeim

137 3909 291 3960 tabularum
314 3910 406 3974 venit,
432 3910 462 3959 in
489 3910 587 3975 quibus
611 3910 742 3976 seriptum
766 3917 821 3962 est:
849 3918 982 3978 patronus
1000 3915 1025 3965 si
1042 3915 1139 3967 clienti
1156 3917 1282 3968 fraudem

136 3994 245 4058 lecerit,
264 4010 345 4045 sacer
363 3997 432 4047 esto.
468 3996 493 4046 si
513 3996 587 4045 enim
605 3995 723 4047 clientes
741 4000 822 4061 quasi
840 3998 963 4050 colentes
983 4003 1054 4062 sunt,
1072 4003 1185 4066 petroni
1202 4004 1281 4068 qussi

135 4084 240 4143 potres,
259 4079 422 4130 tantundem
441 4083 484 4130 est
502 4080 632 4131 clientem
645 4086 776 4147 quantum
790 4081 874 4132 lilium
888 4082 986 4135 fellere
999 4126 1005 4138 .
1020 4127 1026 4140 .
1042 4127 1048 4140 .
1062 4085 1175 4137 Urbano
1188 4092 1281 4137 tomen

136 4163 187 4214 boo
206 4163 345 4228 displicet,
366 4169 395 4214 et
413 4164 481 4214 dicit
498 4179 589 4214 rerum
608 4181 669 4218 esse
688 4167 739 4218 hoo
758 4167 901 4234 magisque
920 4170 1092 4233 eontrarium,
1113 4187 1172 4222 com
1193 4173 1281 4238 magis

138 4253 269 4313 patronos
297 4248 441 4315 decipiant
468 4249 629 4314 frequenter
656 4251 772 4303 clientes
798 4252 847 4316 (of.
874 4253 1067 4314 b'rierttaender,
1094 4254 1280 4322 Sittengescb,

136 4334 218 4384 Rome
235 4334 249 4384 1
267 4335 316 4386 207
335 4333 417 4399 sqq).
458 4334 523 4385 Vult
546 4340 638 4388 sutem
665 4336 791 4404 intellegi
817 4339 1069 4403 praevaricatores,
1098 4341 1144 4405 qui
1171 4343 1280 4407 patroni

135 4422 200 4468 eunt
216 4418 368 4481 clientium,
388 4434 456 4484 quos
473 4435 545 4471 nono
563 4428 695 4486 susceptor
712 4426 864 4474 vocamue.’
