2956 4906
547 347 792 391 rsonaaonsrm.
1176 325 1239 389 225

215 516 286 575 hen.
310 513 349 576 Xl
371 510 434 576 696
463 515 668 593 ‘Apronianus
695 513 766 592 legit
794 515 897 574 aalide
924 517 1025 576 securi
1049 518 1240 589 congeminat

463 619 589 678 valaus'
613 615 676 694 (secl
699 617 734 676 M
755 614 844 677 habet
866 617 1032 677 ualidam
1061 623 1091 676 et
1111 621 1239 678 securim

464 725 494 779 et
515 717 581 780 dist
605 725 673 798 post
696 717 939 797 ‘congeminat’h

183 889 343 949 Praeterea
371 894 520 949 structura
538 905 674 967 prorsus
705 885 886 948 intolerabili
908 885 988 948 Xl3
1017 889 1240 967 ‘Apronianus'

91 989 200 1068 legisse
223 990 318 1050 lertur
339 1005 421 1050 mens
444 991 568 1050 turbato
595 991 780 1065 praecepitur
798 989 932 1064 funera,
962 987 1012 1049 ubi
1035 1007 1106 1049 sane
1123 989 1241 1063 sunau

92 1093 122 1151 in
140 1092 176 1150 M
191 1107 318 1170 quoque,
342 1090 394 1150 sed
411 1091 441 1151 in
458 1090 562 1151 eodem
584 1092 793 1167 praecipitant
808 1097 894 1152 extat.
920 1091 1054 1168 Denique
1072 1091 1240 1151 coniectura

92 1194 225 1272 quamvis
263 1191 423 1253 deterrima
460 1194 490 1252 in
528 1189 649 1252 scholiis
678 1193 744 1252 istis
783 1193 871 1252 etiam
899 1191 953 1252 ecl.
984 1187 1084 1252 11118
1112 1192 1242 1252 lacesso

92 1296 176 1373 qnasi
199 1295 344 1354 Lacaena
364 1295 561 1372 propositum,
586 1292 636 1354 ubi
659 1294 827 1370 Lycisca,
841 1293 876 1352 M
896 1291 994 1353 habet.

177 1445 235 1506 Sed
269 1443 359 1515 haec,
396 1463 470 1523 quac
504 1443 623 1524 collegit
652 1445 832 1523 Suringarns
863 1445 930 1506 hist.
967 1445 1070 1506 scholi.
1107 1445 1182 1507 Latt.
1213 1445 1236 1505 ll

97 1543 159 1608 152
181 1566 264 1626 sqq.‚
295 1565 365 1606 num
395 1565 428 1608 re
456 1565 524 1608 vera
553 1548 584 1606 in
607 1546 739 1607 Medicas
768 1545 845 1607 libro
873 1546 1011 1608 adnotata
1040 1547 1084 1608 vel
1114 1548 1175 1608 sint
1196 1546 1240 1606 vel

97 1649 223 1718 luerint,
254 1645 405 1708 docebunt
433 1649 515 1727 ipsae
543 1647 733 1708 membranae
762 1649 787 1706 si
814 1649 862 1708 cui
890 1649 1036 1727 inspicere
1064 1666 1241 1708 concessum

95 1749 195 1809 luerit.
241 1749 338 1809 Unum
363 1749 399 1809 ad
422 1747 475 1809 eol.
493 1748 518 1808 X
533 1745 577 1812 66,
599 1747 731 1810 scholion
755 1767 857 1810 revera
880 1750 911 1808 in
934 1767 970 1809 eo
993 1758 1094 1810 extare
1117 1756 1241 1809 testatur

96 1851 250 1929 specimen
273 1851 397 1929 paginae
419 1848 456 1911 ab
479 1849 600 1911 Heinsio
623 1867 807 1930 expressum.
1330 1835 1332 1842 ¹

179 2000 209 2082 4)
234 2002 334 2064 Codex
356 2004 517 2064 Palatinus
545 2001 742 2065 bibliothecae
766 2003 921 2066 Vaticanae
952 2022 1076 2065 numero
1106 2007 1241 2083 signatus

102 2101 184 2165 1631
210 2105 266 2180 (P)
295 2123 330 2164 ex
359 2103 537 2166 bibliotheca
561 2104 692 2166 Palatina
715 2103 910 2183 Heidelberga
934 2105 1057 2166 Romam
1085 2104 1242 2166 translatus

96 2225 113 2265 a
138 2195 236 2266 Leone
258 2204 379 2274 allatio,
414 2206 509 2267 lorma
539 2206 701 2284 quadrata,-
732 2205 839 2266 litteris
868 2206 1003 2284 oblongis
1032 2209 1124 2286 magis
1153 2226 1240 2286 quam

93 2307 262 2387 quadratis,
294 2325 419 2386 quarum
442 2309 593 2387 specimen
617 2308 765 2369 bottarins
793 2309 885 2386 prael.
909 2307 929 2369 3
953 2316 982 2368 et
1004 2308 1188 2369 benedictini
1211 2310 1241 2368 in

97 2415 182 2470 tract.
206 2407 340 2487 diphili
364 2426 392 2486 p.
416 2405 457 2470 63
479 2407 538 2470 tab.
556 2408 659 2468 XXXV
681 2408 837 2480 dederunt,
862 2410 1079 2488 elegantissime
1102 2412 1240 2488 scriptus,

93 2509 147 2572 sed
172 2510 302 2586 corrosis
325 2495 433 2588 partim
456 2509 491 2570 ad
508 2512 673 2588 marginem
696 2511 823 2571 maxime
845 2510 932 2570 loliis.
963 2512 1121 2572 Perierunt
1142 2520 1242 2572 antem

95 2609 166 2671 lolia
188 2610 319 2678 XXXlll.
342 2612 373 2670 iu
397 2610 505 2690 quibus
528 2611 601 2672 haec
623 2613 755 2672 inerant:
781 2610 834 2672 ecl.
858 2609 1129 2682 11171-111152,
1159 2631 1205 2691 ge.
1230 2612 1242 2672 l

92 2708 324 2781 322-11139,
363 2709 422 2772 1111
438 2709 657 2774 tat-aena
686 2710 757 2780 277,
796 2712 849 2774 1111
882 2709 1061 2782 116-162,
1100 2709 1241 2774 711277

94 2809 227 2881 -645,
260 2809 495 2881 xasa-509,
529 2813 567 2872 Xl
596 2810 775 2874 646-692.
800 2811 984 2882 737-783,
1018 2814 1072 2874 Xll
1104 2811 1259 2888 47—93„

93 2913 189 2975 Unam
216 2915 352 2992 paginam
375 2916 446 2976 hen.
471 2913 497 2973 X
519 2911 686 2976 509-531
711 2915 806 2975 aliena
829 2933 935 2976 manns
957 2916 1086 2992 scripsit.
1132 2914 1243 2976 Versus

94 3015 231 3094 singulae
254 3016 379 3095 paginae
402 3017 556 3075 continent
570 3015 673 3084 XXlll,
699 3023 796 3076 nmen
819 3023 851 3076 ut
872 3017 903 3076 in
926 3015 994 3077 libri
1018 3018 1162 3096 cuiusque
1184 3017 1242 3076 line

92 3115 171 3196 quoti
195 3115 240 3175 vel
263 3118 395 3196 paginae
418 3115 462 3176 vel
485 3116 548 3178 lolii
564 3123 703 3196 superest
716 3135 839 3178 vacarum
856 3118 893 3176 sit
908 3115 1054 3177 relictum.
1085 3118 1243 3178 Praeterea

93 3227 161 3298 post
175 3217 247 3278 hen.
265 3218 277 3278 l
293 3215 357 3280 690
372 3220 474 3278 nescio
490 3237 548 3298 qna
573 3237 660 3280 causa
677 3220 728 3278 uni
743 3219 844 3279 versui
859 3221 983 3297 spatium
1000 3221 1057 3278 ima
1073 3219 1179 3297 pagina
1195 3236 1242 3279 re·

93 3318 196 3379 lictum
210 3328 264 3380 est.
282 3319 423 3380 Distineta
434 3320 522 3381 verba
532 3328 561 3379 et
573 3321 738 3382 sententiae
750 3338 839 3380 mann
851 3322 946 3400 prima
960 3321 1080 3380 omnino
1092 3338 1150 3379 non
1160 3328 1240 3379 sunt:

96 3423 248 3501 posterior
270 3421 333 3481 lere
357 3428 529 3482 constanter
545 3423 654 3482 exitum
671 3439 819 3491 versuum,
844 3421 938 3481 multo
961 3422 1058 3482 rarius
1081 3422 1244 3482 sententias

96 3511 374 3600 sententiarumque
397 3522 461 3582 cola
484 3525 604 3584 notavit.
635 3524 793 3585 Correctns
815 3523 907 3584 codex
931 3522 1020 3583 modo
1036 3522 1138 3583 eadem
1154 3540 1242 3582 manu

94 3625 137 3702 (nt
153 3623 208 3683 ecl.
225 3620 346 3702 111160)
371 3624 460 3685 modo
477 3623 583 3694 aliena,
607 3624 659 3686 secl
682 3627 746 3705 ipsa
768 3641 888 3703 quoque
903 3623 987 3684 valde
1002 3625 1131 3702 antiqua,
1155 3623 1244 3683 modo

93 3713 222 3804 denique
244 3723 395 3804 aliquanto
418 3728 596 3795 recentiore,
628 3745 696 3787 raro
719 3726 819 3786 colore
843 3726 981 3787 caeruleo
1004 3727 1090 3812 then..
1110 3723 1241 3804 v1336)

93 3826 226 3887 adhibito
250 3826 294 3887 vel
318 3827 393 3887 adeo
423 3826 597 3889 minusculis
626 3828 662 3908 (e.
686 3845 713 3906 g.
745 3826 799 3887 ecl.
824 3823 879 3886 14
905 3843 951 3904 ge.
975 3825 1060 3888 140.
1083 3823 1155 3888 213.
1179 3823 1243 3888 314

92 3930 165 3988 hen.
190 3927 216 3989 X
237 3925 309 3990 527.
333 3925 404 3991 537.
429 3926 504 4004 631)
535 3926 640 3990 litteris
669 3928 875 4008 suprapositis.

178 4081 221 4141 An
251 4080 339 4143 huius
368 4080 487 4151 coelicis,
522 4083 573 4161 qui
607 4081 643 4143 ad
678 4100 754 4142 saec.
785 4080 838 4141 llll
872 4079 918 4140 vel
941 4082 964 4141 V
988 4080 1073 4159 rnlgo
1097 4081 1238 4149 refertur,

94 4181 192 4250 iidem,
216 4182 270 4242 sed
292 4201 397 4262 parum
413 4189 550 4244 accurate
566 4201 725 4263 expressae
749 4191 818 4244 sunt
833 4182 978 4243 editiones
990 4182 1242 4244 commelinianae

95 4301 122 4343 a.
155 4280 246 4345 1589.
279 4281 370 4345 1599.
404 4280 494 4346 1603.
556 4284 641 4346 Nulla
674 4285 748 4346 fides
780 4284 915 4346 habenda
948 4283 1118 4363 Ambrogio.
1178 4284 1251 4364 lpse¹

94 4385 211 4463 primus
234 4385 367 4446 codicem
391 4385 502 4447 Romae
525 4389 660 4446 excussi.

148 4499 283 4544 arcanea,
309 4501 481 4538 racusanus..
1002 4485 1041 4547 15
