2956 4906
528 353 774 396 rnoaeoousna.
1158 331 1222 394 229

73 520 247 599 'descriptus
270 528 324 590 est,
348 519 419 580 lolia
435 518 589 600 quaedam,
614 539 742 599 quorum
765 519 900 598 singulae
916 519 1071 581 columnae
1087 518 1221 581 versibus

77 621 170 683 XXVl
192 619 375 690 constabant,
399 613 517 683 turbata
539 622 640 682 luisse.

162 792 232 852 Post
254 790 492 868 explanationem
515 790 552 850 de
574 791 632 852 vita
648 789 761 868 Virgilii
778 799 809 850 et
823 799 997 868 argumenta
1013 790 1117 852 decem
1141 787 1220 850 colo»
1314 857 1321 873 .

76 911 181 971 garum
214 909 303 971 prosa
337 893 471 952 oratione
504 897 640 952 enarrata
674 890 772 952 brevis
800 890 883 952 vira
916 890 1068 953 VlliGlLll
1098 889 1219 952 PVLLll

74 993 242 1055 usuums
265 994 417 1070 sequitur,
441 991 549 1053 deinde
573 991 723 1053 ChllhlEN
747 991 860 1052 0Vlllll
883 991 1042 1054 NASONlS
1065 992 1220 1070 ‘Virgilius

76 1102 205 1174 quantus
228 1094 376 1154 concessit
397 1091 539 1153 bomero'
564 1111 589 1152 c.
614 1111 642 1170 q.
667 1111 690 1153 s.
717 1094 889 1174 (Burmanni
912 1091 1024 1154 anthol.
1040 1091 1074 1152 L.
1097 1091 1123 1152 ll
1149 1089 1219 1167 192)

75 1203 105 1256 et
127 1203 301 1274 argumenta
326 1194 497 1255 tetrasticha
520 1195 679 1272 georgicon
701 1195 872 1271 (Burmanni
888 1194 914 1254 ll
929 1191 1011 1272 189),
1034 1192 1218 1254 monosticha

75 1293 156 1375 (190)
186 1303 216 1356 et
243 1281 412 1356 decasticha
441 1293 522 1374 (192)
545 1295 707 1364 Aeacidum
742 1297 813 1355 item
843 1296 930 1356 tertia
958 1294 1043 1355 VlTh
1067 1292 1217 1356 VlllGlLll

74 1405 105 1459 et
128 1406 197 1477 post
218 1397 466 1458 commentarium
490 1394 610 1474 eclogae
640 1399 752 1475 primae
780 1403 884 1473 quarta
907 1414 975 1456 cum
997 1395 1218 1457 introductione

72 1501 104 1559 in
127 1497 271 1560 bucolica.
322 1499 460 1558 Ceterum
489 1515 583 1576 pauca
612 1515 627 1558 a
657 1496 814 1559 bucolicon
844 1505 873 1558 et
900 1496 937 1558 ab
959 1497 1105 1558 Aeneidos
1132 1497 1218 1556 initio

72 1599 143 1660 lolia
172 1601 202 1660 iu
232 1600 365 1676 margine
399 1596 510 1659 scholia
539 1597 688 1659 exhibent.
748 1599 855 1660 Versus
887 1605 986 1659 autem
1020 1599 1076 1677 ipsi
1099 1596 1220 1676 Vergilii

73 1701 150 1762 binis
178 1702 208 1760 in
236 1717 354 1780 quaque
382 1701 489 1778 pagina
517 1698 662 1760 columnis
692 1701 819 1761 redeunt
851 1700 1048 1779 quadrageni.
1083 1700 1219 1778 ascriptis

73 1801 177 1862 eadem
207 1819 297 1862 mann
325 1803 355 1861 in
384 1802 518 1879 margine
551 1801 707 1878 scripturis
730 1803 827 1862 uariis.
883 1800 1031 1870 (indicem,
1065 1801 1115 1880 qul
1148 1800 1217 1860 olim

72 1903 210 1963 Toruesii
225 1903 291 1972 luit,
316 1920 395 1962 nunc
410 1903 440 1962 in
456 1900 634 1961 bibliotheca
651 1900 880 1982 Guelferbytana
896 1902 1077 1969 adservatur,
1103 1902 1217 1962 Bernae

72 1983 213 2065 excutere
252 2004 376 2080 contigit
414 2011 483 2064 nota
521 2000 697 2062 liberalitate
731 2002 908 2064 bethmanni
940 2001 983 2062 illi
1020 2001 1217 2064 bibliothecae

72 2106 223 2184 praelecti.

159 2254 189 2336 9)
213 2256 337 2318 Codices
360 2257 530 2318 Beruenses
553 2254 677 2316 membr.
702 2252 763 2316 112
785 2273 862 2316 saec.
886 2255 911 2316 X
935 2258 997 2332 (a),
1023 2252 1084 2317 165
1106 2253 1216 2316 saeculi
1292 2285 1296 2292 ·

73 2357 113 2418 lX
136 2359 205 2434 (b),
232 2355 292 2419 184
314 2377 391 2419 saec.
414 2356 453 2418 lll
476 2355 522 2438 (c)
545 2355 736 2418 describendi
765 2359 857 2418 otium
886 2359 956 2418 iecit
978 2359 1009 2418 C.
1033 2358 1066 2418 G.
1091 2356 1216 2418 hluellcr

70 2461 102 2519 in
125 2459 267 2521 analectis
288 2457 491 2520 Beruenslbus
513 2478 544 2537 p.
569 2456 586 2519 7
611 2477 674 2538 sqq.
723 2459 777 2519 llic
799 2477 892 2538 pauca
916 2476 991 2537 quae
1014 2461 1088 2520 scitu
1112 2476 1214 2519 neces·

70 2563 147 2621 saria
170 2561 228 2621 sint
252 2559 407 2621 monenda.
448 2611 449 2615 ,

156 2713 294 2774 Continet
316 2712 407 2790 igitur
430 2729 465 2787 a,
496 2713 547 2792 qui
576 2711 646 2772 olim
675 2711 731 2772 luit
752 2712 784 2772 P.
810 2711 951 2780 lianiclis,
979 2720 1047 2792 post
1075 2714 1217 2773 vitamet

70 2812 283 2893 prolegomena
299 2811 453 2882 bucolica.
467 2815 614 2892 georgica,
637 2811 767 2874 Aeneida
789 2830 883 2891 usque
899 2813 935 2873 ad
950 2813 972 2871 v
987 2810 1057 2882 852,
1082 2813 1216 2891 singulae

71 2924 171 2975 textus
192 2916 317 2994 paginae
341 2921 373 2973 ut
388 2914 625 2994 complectantur
638 2933 742 2976 versus
754 2913 868 2976 XXllll.
892 2913 949 2974 Sed
963 2913 1056 2976 ultimi
1069 2914 1131 2974 lolii
1146 2914 1215 2974 inde

69 3035 87 3075 a
110 3014 178 3075 lihri
200 3016 297 3094 quinti
321 3033 407 3075 versu
430 3012 492 3077 805
515 3016 669 3077 dimidium
692 3015 829 3076 dextrum
851 3016 1011 3075 rescissum
1034 3023 1087 3074 est.
1138 3016 1214 3075 Mar·

70 3115 345 3193 gincs,bucolicon
381 3119 508 3178 maxime
544 3126 574 3177 et
600 3119 760 3196 georgicon
790 3115 910 3178 scholiis
938 3117 1064 3195 antiquis
1091 3114 1212 3195 oppleti,

72 3209 149 3294 quae
171 3235 276 3295 parum
300 3227 459 3289 accurate„
490 3225 522 3278 ut
550 3217 651 3286 audio,
687 3216 779 3276 edidit
799 3215 958 3278 Muellerus
985 3217 1213 3296 programmatis

67 3317 364 3399 liudolphipolitanis
397 3328 536 3399 quattuor
573 3336 719 3380 annorum
755 3315 845 3379 1841.
876 3314 967 3379 1852.
1000 3314 1090 3379 1853.
1122 3314 1212 3386 1854,

69 3438 139 3479 mox
165 3419 366 3481 emendatiora
389 3427 507 3500 repetet
527 3421 716 3481 Hermannus
738 3418 840 3496 Hagen
863 3419 1034 3480 Beruensis.

156 3524 307 3650 llepletus,
320 3573 391 3632 item
415 3571 535 3633 scholiis
562 3581 592 3632 et
619 3573 649 3632 iu
679 3573 813 3648 margine
842 3578 872 3631 et
899 3573 976 3632 inter
1003 3571 1098 3631 lineas
1120 3570 1214 3631 codex

67 3675 98 3747 b,
123 3673 172 3751 qui
195 3671 275 3732 XXX
296 3673 327 3732 iu
350 3689 467 3749 quaque
490 3675 594 3752 pagiua
619 3671 752 3732 versibus
778 3674 911 3733 continet
937 3682 1049 3733 textum
1073 3671 1213 3750 Vergilia·

68 3791 141 3834 num
166 3790 259 3850 usquc
282 3774 317 3834 ad
329 3776 401 3834 hen.
420 3773 473 3834 Xll
494 3770 565 3840 918,
588 3773 640 3834 sed
664 3773 759 3834 aliena
781 3792 871 3835 manu
894 3773 1009 3834 duobus
1030 3775 1060 3833 in
1083 3771 1161 3834 loliis
1182 3780 1215 3832 ut

67 3874 176 3935 adiecti
198 3876 258 3935 sint
279 3893 383 3937 versus
405 3872 519 3959 LXXVI
551 3892 598 3953 ge.
622 3872 673 3934 llll
695 3871 878 3944 311-386,
912 3876 1043 3956 quinque
1068 3874 1155 3934 lineis
1181 3875 1213 3933 in
1299 3929 1308 3940 .

67 3993 105 4037 ea
134 3993 210 4054 quae
237 3977 389 4055 praecedit
417 3978 524 4056 pagina
551 3977 651 4036 vacuis
678 3974 799 4036 relictis.
852 3976 936 4038 Unde
965 3977 1060 4036 conici
1087 3977 1213 4036 tortasse

65 4084 168 4156 potest
201 4075 368 4146 binionem,
400 4079 483 4138 cuius
512 4075 645 4156 singulae
671 4077 798 4155 paginae
821 4096 959 4139 versuum
987 4076 1090 4138 XVllll
1119 4083 1211 4144 erant,

66 4179 223 4256 archetypi
258 4180 392 4258 periisse.
448 4179 507 4239 Sed
529 4181 602 4240 Aen.
626 4177 637 4236 l
665 4185 734 4256 post
756 4175 818 4238 124
844 4180 979 4256 sequitur
1004 4175 1065 4239 159
1097 4178 1213 4237 omissis
1306 4251 1308 4256 ,

64 4275 203 4339 versibus
226 4278 358 4340 XXXllll
374 4278 419 4339 rel
434 4278 546 4349 XXXV,
570 4299 638 4341 nam
666 4277 723 4340 159
745 4298 864 4359 quoque
885 4282 917 4340 in
939 4280 1072 4358 margine
1094 4278 1212 4339 demum
1293 4365 1297 4376 p

64 4379 213 4450 adiectum
240 4389 269 4441 et
290 4387 359 4460 post
379 4382 452 4442 heu.
476 4377 573 4442 1686
596 4383 697 4441 ornissi
721 4399 824 4443 versus
847 4382 882 4442 X.
