3038 4912
231 325 290 390 152
678 346 922 388 enormeosnms.

228 515 265 576 de
289 517 442 576 notatione
471 517 573 575 critica
602 533 628 574 e.
652 533 681 593 q.
705 533 732 573 s:
753 532 783 592 p.
807 510 827 574 6
851 516 906 594 sq.)
951 515 1054 592 ltaque
1082 514 1138 574 hac
1161 523 1229 575 nota
1257 521 1374 593 praeter

226 615 312 679 illum
328 616 441 677 Aenll
464 612 528 676 444
550 613 631 676 velut
652 615 707 676 hos
722 614 846 693 Vergilii
870 635 976 677 versus
998 617 1156 694 insignitos
1178 616 1270 676 luisse
1285 622 1373 695 puto:

115 725 117 729 ’
226 720 298 780 Aen.
322 718 336 778 Ι
358 715 401 779 44
437 717 473 779 Vl
498 716 558 780 177
595 713 719 778 1x814
755 715 793 777 lll
815 711 889 780 566.

309 854 438 915 Eandem
456 863 546 935 atque
561 856 641 915 inter
656 851 757 932 diplen
774 854 1026 934 periestigmenen
1050 862 1079 915 et
1094 853 1211 933 alognm
1228 855 1372 914 rationem

225 959 430 1018 intercessisse
453 958 591 1036 suspicor
613 958 691 1016 inter
715 958 829 1016 obelum
853 964 882 1016 et
904 960 1018 1026 obelum
1039 975 1106 1022 cum
1125 965 1248 1033 puncto.
1300 957 1373 1017 Nam

112 1079 115 1086 ·
223 1059 302 1138 quod
326 1059 476 1119 adnotavit
488 1057 609 1119 Servius
631 1057 666 1118 ad
684 1057 755 1117 Aen.
779 1058 791 1118 l
814 1054 854 1118 21
873 1077 918 1137 sq.
941 1061 988 1118 ‘in
1006 1057 1104 1119 Probo
1127 1061 1277 1135 odpunrtr'
1288 1067 1374 1120 sunt:

224 1169 254 1222 et
276 1159 485 1228 adnotandum,
516 1158 546 1219 bi
570 1159 628 1219 duo
651 1160 676 1218 si
698 1160 881 1230 eximantur,
912 1159 1106 1222 nihilominus
1129 1179 1235 1220 sensus
1257 1162 1374 1239 integer

225 1265 299 1324 erit'
322 1263 359 1323 de
382 1261 510 1342 simplici
533 1267 614 1321 certe
637 1258 725 1321 obelo
747 1261 878 1340 intellegi
902 1281 961 1323 non
983 1269 1091 1342 potest,
1117 1262 1168 1323 sed
1185 1261 1291 1324 obelus
1306 1265 1373 1323 cdm

223 1374 344 1445 puncto,
376 1365 425 1442 qui
449 1361 505 1425 ‘ad
530 1382 564 1423 ea
587 1362 624 1423 de
647 1363 753 1443 quibus
778 1363 929 1426 dubitatur
951 1362 1014 1425 tolli
1038 1363 1166 1424 debeant
1188 1369 1298 1426 necne’
1323 1364 1373 1425 ad·

225 1466 400 1535 hibebatur,
430 1464 499 1526 huic
527 1463 592 1525 loco
621 1467 768 1526 convenit.
813 1465 895 1526 ldem
924 1467 1051 1544 signum,
1082 1467 1107 1527 si
1134 1467 1190 1526 luit
1216 1468 1295 1527 inter
1324 1485 1375 1528 eos

225 1571 345 1630 criticos
368 1587 495 1648 quorum
519 1567 660 1628 iudicium
676 1567 798 1628 Servius
820 1569 923 1638 relert,
948 1568 1085 1648 adposuit
1108 1568 1234 1629 sortasse
1258 1568 1293 1628 ad
1311 1569 1373 1629 Vlll

219 1668 288 1733 “627
323 1679 352 1731 et
382 1667 454 1731 731.
507 1667 657 1747 Simplicis
694 1670 789 1744 obeli,
830 1687 888 1747 qno
923 1671 1042 1731 confixit
1078 1690 1130 1730 eos
1162 1688 1267 1730 versus
1301 1691 1376 1750 (piros
1444 1673 1446 1676 ’

225 1774 345 1854 spurios
369 1791 435 1832 esse
459 1777 542 1830 certo
564 1788 741 1850 persuasum
765 1769 907 1840 habebat,
933 1771 1100 1852 exemplum
1124 1759 1232 1832 necin
1256 1771 1376 1833 scholiis

224 1893 281 1936 nec
313 1875 343 1934 in
366 1875 502 1935 Parisino
533 1873 679 1933 anecdoto
714 1881 808 1934 extat:
852 1873 937 1935 nobis
971 1875 1089 1954 quidem
1125 1877 1197 1935 satis
1220 1883 1266 1935 est
1288 1877 1375 1945 seire,

225 1975 347 2055 Vergilii
380 1983 410 2036 et
438 1976 551 2036 Horatii
585 1981 614 2034 et
649 1974 780 2035 Lucretii
814 1977 950 2037 criticum
984 1995 1044 2037 non
1078 1979 1172 2054 magis
1205 1977 1376 2038 Aristarcho

226 2078 376 2139 athetescs
399 2078 520 2155 lugisse.
555 2077 749 2157 Excerptoris
772 2079 850 2137 enim
874 2077 1061 2156 neglegentia
1085 2086 1115 2139 et
1133 2080 1164 2138 in
1181 2077 1235 2138 hac
1250 2077 1376 2140 Parisini

226 2181 364 2243 anecdoti
393 2179 429 2240 de
461 2177 548 2239 obelo
575 2181 728 2240 notatione
758 2185 787 2239 et
814 2181 844 2239 in
876 2178 941 2240 aliis
964 2178 1120 2266 'nonnullis
1146 2180 1237 2241 Probi
1265 2181 1377 2241 mentio

227 2285 337 2345 omissa
362 2291 422 2351 est,
452 2284 502 2359 qni
531 2282 557 2342 si
586 2283 708 2341 omnino
731 2299 790 2341 non
813 2300 886 2342 usus
909 2291 989 2343 esset
1011 2281 1056 2342 vel
1079 2282 1134 2342 hac
1157 2290 1226 2343 nota
1249 2280 1294 2341 vel
1316 2281 1375 2351 illa,

230 2403 332 2445 rernm
357 2403 417 2444 non
441 2390 521 2444 esset
544 2382 622 2459 quod
645 2401 735 2461 supra
759 2383 932 2445 adfirmatur
965 2385 1138 2464 adposuisse
1167 2401 1235 2444 eum
1258 2391 1291 2444 nt
1312 2385 1377 2445 Ari·

227 2485 378 2548 starcbum
402 2485 468 2546 xxi
491 2503 566 2564 quae
588 2485 672 2545 initio
696 2492 838 2546 tractatus
861 2494 1033 2548 enumerata
1055 2494 1124 2547 sunt
1144 2487 1238 2563 signa.
1277 2486 1378 2565 ltaque

228 2607 301 2650 rana
325 2595 495 2648 nostrorum
511 2586 710 2646 litteratorum
727 2589 757 2646 in
781 2587 934 2648 servandis
957 2586 1080 2666 singulis
1096 2585 1251 2648 versiculis
1273 2605 1378 2667 snper-

228 2692 319 2752 stitio.
363 2690 457 2749 lmmo
480 2706 518 2748 ne
541 2686 762 2749 multitudinem
786 2688 905 2774 quidem
929 2709 1066 2751 versuum
1090 2688 1251 2769 inprobare
1273 2688 1378 2767 religio

228 2799 292 2853 erat
314 2789 429 2858 Probo;
461 2788 538 2867 qnod
569 2791 706 2870 quotiens
734 2808 790 2851 usu
812 2791 963 2862 veniebat,
994 2810 1031 2853 ne
1061 2811 1115 2871 per
1137 2789 1269 2869 singulos
1291 2790 1379 2852 obelo

228 2893 410 2962 abuteretur,
428 2897 523 2952 totum
537 2891 635 2952 locum
647 2897 792 2954 ceraunio
808 2893 1028 2954 concremabat.
1059 2893 1137 2971 Ergo
1153 2893 1290 2972 inprimis
1305 2892 1377 2953 illud

228 2994 351 3057 secundi
374 2994 444 3055 libri
467 3012 511 3054 vv.
528 2990 698 3056 567-588
715 2994 861 3056 emblema
884 2997 909 3056 si
931 2997 990 3058 iam
1012 2995 1147 3075 repperit
1169 2996 1200 3056 in
1224 2993 1375 3074 exempla-

229 3097 323 3166 ribus,
347 3095 404 3156 hoc
426 3094 485 3156 telo
508 3096 665 3157 confixisse
689 3097 865 3158 statuendus
889 3105 941 3158 est.

313 3231 552 3312 llittographiae,
585 3237 669 3292 ‘cum
694 3231 827 3294 eiusdem
859 3252 964 3294 sensus
985 3251 1088 3293 versus
1118 3230 1252 3313 duplices
1281 3239 1380 3293 essent

230 3345 259 3398 et
281 3336 468 3397 dubitaretur
491 3336 541 3412 qui
564 3335 665 3413 potius
688 3333 835 3412 legendi’,
859 3338 1051 3410 ontisipmete
1072 3352 1140 3396 curn
1157 3341 1273 3412 porreto
1296 3342 1378 3394 nota·

230 3437 346 3508 bantur.
388 3435 445 3496 Sed
462 3453 518 3497 nec
533 3435 623 3495 huius
639 3434 774 3514 exempla
796 3436 902 3496 tradita
925 3443 994 3496 sunt
1016 3455 1071 3497 nec
1094 3435 1218 3497 adhibiti
1241 3440 1382 3498 asterisci

229 3558 296 3600 cum
319 3541 411 3607 obelo,
436 3556 496 3616 quo
519 3537 646 3597 eundem
669 3545 789 3597 secutus
801 3538 1004 3599 Aristarchum
1022 3558 1074 3600 cos
1095 3551 1211 3608 tersus,
1236 3540 1304 3618 ‘qui
1320 3557 1379 3599 non

230 3661 283 3702 suo
305 3640 371 3701 loco
394 3640 481 3719 positi
505 3642 616 3707 erant’‚
641 3637 784 3716 signabat.

319 3776 485 3837 lledierunt
508 3793 579 3852 ergo
601 3782 634 3835 ut
656 3776 686 3834 in
710 3776 877 3837 Homericis
908 3776 1089 3838 carminibus
1121 3778 1159 3836 ita
1194 3777 1223 3837 in
1251 3777 1381 3838 Aeneide

231 3898 351 3960 quoqne
374 3879 431 3936 iam
454 3885 517 3938 tum
541 3879 685 3956 temporis
701 3877 825 3940 diversis
840 3878 914 3940 locis
930 3897 1035 3940 versus
1051 3877 1157 3948 eidem,
1182 3897 1256 3957 quos
1272 3880 1380 3957 partim

233 3989 322 4062 poeta
345 3977 491 4049 consulto,
517 3981 624 4058 partim
647 3987 761 4040 temere
783 3982 946 4041 memoriae
968 3979 1162 4041 ostentandae
1184 3997 1273 4042 causa
1289 3981 1381 4040 inter·

230 4082 382 4163 polatores
411 4084 622 4161 repetiverunt.
674 4082 711 4142 lli
739 4080 792 4143 ubi
819 4089 901 4142 recte
930 4090 960 4141 ct
987 4090 1054 4161 apte
1082 4083 1169 4160 positi
1198 4081 1381 4152 riderentur,
1469 4163 1472 4170 .

231 4186 385 4252 asterisco,
408 4183 459 4244 ubi
482 4183 556 4244 lalso
578 4185 684 4244 inserti
707 4190 815 4254 essent,
839 4185 982 4244 asterisco
1005 4202 1072 4244 cum
1089 4181 1176 4244 obelo
1192 4183 1381 4245 notabantur.

234 4287 318 4348 Hanc
341 4287 419 4346 enim
444 4286 608 4347 Aristarchi
638 4286 883 4347 consuetudinem
913 4285 1004 4346 luisse
1033 4285 1106 4344 satis
1134 4284 1243 4345 docent
1272 4285 1382 4348 scholia

235 4389 356 4450 Veneta.
408 4389 492 4468 Apud
516 4387 677 4464 Vergilium
707 4395 805 4449 autern
829 4405 845 4448 a
868 4385 967 4448 Probo
994 4387 1170 4448 asteriscum
1199 4406 1266 4449 curn
1295 4387 1382 4449 obelo
