3038 4912
253 324 314 390 144
698 349 941 396 rnonnoosmus.

252 516 370 578 ‘Turno
403 523 485 595 repis
517 537 660 598 responsa
688 520 855 590 serebant’,
889 521 1014 598 eiusque
1044 519 1109 581 loco
1143 522 1281 600 posuisse
1316 520 1393 601 quod

251 618 339 679 bodie
361 621 391 681 iu
414 622 553 682 omuibus
569 621 787 701 exemplaribus
801 640 892 683 manu
908 623 1026 702 scriptis
1041 624 1253 684 circumfertur
1274 622 1394 683 ‘Turno

251 724 334 797 repi'
359 739 385 782 e.
409 739 437 802 q.
463 742 487 785 s.

336 822 460 886 ‘Soluto
480 829 599 896 sudor’‚
611 826 674 904 ·qui
689 823 809 886 Palladii
832 827 908 905 rapti
931 844 985 906 per
1007 834 1090 887 artus
1105 827 1135 886 in
1152 827 1257 888 castris
1272 826 1395 888 Graecis

251 922 371 985 lluxissc
394 927 575 988 lerturllcn.
593 924 706 996 11173,
729 945 789 987 non
812 926 1011 1006 displicuisset
1033 927 1158 989 sortasse
1181 928 1284 989 critico
1301 927 1393 1007 (Serv.

252 1033 282 1086 et
304 1025 397 1088 schol.
421 1026 557 1106 Veron),
591 1030 616 1090 si
639 1029 823 1089 meminisset
849 1027 991 1090 Sinonem
1014 1029 1275 1090 mendacissimum
1298 1036 1328 1090 et
1348 1031 1394 1090 iu·

250 1127 500 1207 pudentissimum
522 1129 673 1191 bominem
695 1129 763 1189 talia
786 1137 846 1190 tam
869 1129 970 1209 putida
992 1131 1116 1209 lingere.

336 1229 445 1292 Dubito
468 1251 539 1294 num
563 1232 599 1294 ad
621 1235 692 1293 len.
715 1230 769 1292 l¹¹l
788 1227 851 1292 359
873 1218 1062 1294 insolentiam
1084 1234 1215 1311 figurae,
1240 1251 1297 1311 qua
1320 1235 1393 1294 bau·

251 1335 312 1393 riri
333 1351 387 1393 vox
417 1332 542 1409 dicitur,
575 1335 734 1395 nouverit:
768 1340 850 1394 certe
882 1335 932 1413 qui
963 1336 1078 1414 primus
1103 1320 1196 1396 'ausus
1228 1344 1273 1395 est
1304 1332 1392 1395 talem

252 1429 492 1506 translationem,
524 1435 697 1498 felicissime
726 1453 816 1496 ausus
843 1443 898 1496 est.
926 1513 927 1518 ἵ
955 1435 1014 1497 Sed
1041 1435 1156 1497 videtur
1188 1435 1393 1516 pleonasmum

253 1538 462 1615 grammaticus
485 1537 699 1607 observavlsse,
725 1555 782 1615 quo
805 1539 932 1598 curibus
952 1556 1008 1598 vox
1030 1536 1144 1598 hauriri
1167 1537 1285 1608 dicitur,
1309 1539 1393 1617 quasi

252 1637 282 1698 id
311 1637 368 1698 alio
398 1657 517 1718 quoque
546 1640 635 1700 modo
663 1640 728 1700 lieri
760 1640 910 1720 posset*).
966 1639 1047 1700 idem
1082 1641 1159 1700 enim
1182 1640 1303 1700 Servius
1327 1638 1397 1699 adl

252 1736 314 1800 208
330 1747 359 1800 ct
373 1737 437 1801 614
459 1729 680 1810 animadvertit;
706 1759 761 1801 nec
784 1741 886 1801 vitium
910 1759 985 1811 csse,
1009 1741 1060 1802 sed
1084 1739 1288 1802 affirmationis
1303 1742 1397 1819 gratia

255 1859 471 1921 supervacuum
495 1843 563 1904 addi
586 1841 784 1915 Quintilianus
807 1841 871 1902 Vlll
887 1839 916 1911 3,
932 1839 975 1904 54
997 1843 1085 1904 docet
1107 1842 1292 1923 similemque
1308 1841 1397 1904 Probi

255 1943 292 2004 de
308 1942 365 2004 hoc
380 1943 446 2005 loco
463 1947 639 2007 sententiam
654 1946 746 2006 luisse
761 1947 936 2024 putaverim,
955 1947 1040 2007 cuius
1055 1944 1101 2006 vol
1115 1947 1146 2005 in
1159 1945 1265 2006 Donati
1280 1944 1317 2005 ad
1328 1944 1397 2004 Ter.

256 2044 321 2106 bec.
339 2043 423 2116 1113,
439 2043 459 2108 3
475 2046 667 2109 adnotatione
683 2045 755 2108 lovis
771 2045 874 2107 umbra
890 2045 988 2107 redire
1004 2045 1128 2108 videtur.
1160 2046 1218 2108 Sed
1233 2049 1353 2116 frustra,
1370 2047 1400 2106 ui

254 2145 348 2218 fallor,
376 2150 519 2225 quaesivit
540 2149 577 2209 de
593 2150 672 2209 vocis
689 2152 840 2224 pristinus
854 2167 908 2210 usu
925 2148 1053 2229 quodam
1068 2147 1223 2226 singulari,
1247 2166 1305 2227 quo
1319 2147 1398 2207 idom

256 2248 354 2311 valere
376 2268 411 2310 ac
427 2254 518 2327 prior
542 2254 614 2312 Aen.
643 2249 678 2311 vl
704 2249 767 2312 473
789 2252 850 2311 visa
872 2251 988 2331 ost**):
1013 2268 1081 2311 nam
1104 2249 1209 2310 codem
1231 2251 1297 2310 iure
1320 2249 1398 2309 idem

254 2350 291 2410 de
314 2354 433 2413 anticus
455 2351 592 2413 vocabuli
615 2337 735 2413 notione
758 2369 903 2431 quaerere
925 2359 1050 2432 poterat.
1096 2352 1134 2414 ut
1156 2351 1234 2411 enim
1254 2349 1314 2410 illic
1331 2352 1399 2427 pri-

252 2457 349 2514 seinos
371 2455 415 2515 sic
436 2450 575 2516 ffl1458
604 2457 723 2515 anticus
744 2453 865 2516 Didonis
893 2456 1021 2516 coniunx
1044 2451 1195 2533 Sychaeus
1223 2451 1398 2532 appellatur,

256 2573 312 2617 uec
334 2557 456 2617 omnino
479 2557 587 2618 coniux
611 2557 675 2617 eius
697 2556 812 2617 Aeneas
833 2574 938 2618 revera
960 2555 1128 2625 habendus,
1154 2556 1204 2632 qui
1226 2573 1287 2615 uon
1310 2555 1399 2615 ‘con-

256 2658 333 2735 iugis
356 2675 496 2737 umquam
519 2656 688 2736 praetendit
708 2658 810 2720 taedas
840 2667 890 2719 aut
917 2656 990 2719 baec
1013 2659 1044 2717 in
1073 2655 1194 2718 loedere
1216 2657 1311 2718 venit’
1337 2655 1400 2735 (llll

258 2755 340 2840 338).
386 2747 461 2820 ltem
484 2758 591 2829 levius,
620 2759 698 2840 quod
727 2761 870 2838 quaesivit
892 2760 964 2841 quid
986 2768 1065 2821 esset
1094 2762 1245 2834 inopinus
1271 2761 1400 2836 bospitio

258 2862 388 2922 destrae
401 2862 474 2922 Aen.
490 2861 530 2922 lll
554 2859 604 2932 83,
628 2861 776 2938 dubitans„
800 2870 941 2943 quantum
965 2880 1001 2923 ex
1017 2862 1119 2923 Servio
1142 2860 1274 2931 discitur,
1300 2868 1398 2923 utrum

256 2961 400 3024 ablativus
422 2982 460 3025 an
482 2964 598 3026 dativus
627 2975 706 3026 esset
736 2966 881 3043 bospitio,
911 2964 964 3026 sed
992 2972 1024 3025 ut
1051 2961 1131 3024 bunc
1159 2963 1284 3025 lortassc
1313 2981 1398 3043 prae·

256 3064 351 3126 ferret
360 3064 441 3142 ***).
1305 3055 1307 3060 ’

339 3168 392 3229 llis
415 3168 560 3231 accedunt
586 3167 642 3229 alia
672 3187 748 3249 quae
776 3188 836 3230 non
865 3176 923 3230 tam
952 3167 989 3229 ad
1011 3166 1139 3234 notanda
1167 3184 1256 3250 quam
1285 3166 1320 3227 ad
1349 3185 1400 3227 ex-

256 3272 406 3347 plicando
430 3270 518 3332 verba
542 3278 686 3350 spectant.
733 3270 872 3332 Defendit
894 3271 972 3330 enim
997 3269 1075 3347 quod
1099 3267 1152 3330 ecl.
1170 3269 1207 3329 Vl
1230 3266 1270 3330 76
1291 3268 1401 3347 legitur

257 3391 384 3434 vexasse
404 3381 487 3434 rates
507 3381 541 3434 ut
562 3393 621 3435 non
637 3391 692 3451 per
707 3373 911 3434 tunsionum
926 3372 979 3433 sed
993 3374 1116 3464 propria
1131 3371 1214 3432 verbi
1230 3373 1258 3431 vi
1272 3369 1399 3432 dictum:

258 3475 392 3536 delendit
415 3485 523 3548 autem,
546 3479 604 3540 nisi
627 3475 701 3539 lallit
723 3478 908 3546 coniectura,
932 3484 1035 3537 contra
1058 3478 1236 3547 Cornutum,
1260 3479 1310 3557 qui
1332 3496 1401 3598 epm

256 3646 557 3658 ——-.--—-.-—.

324 3735 350 3799 *l
369 3736 443 3800 Ergo
461 3732 640 3800 supplendum
653 3733 744 3784 Servii
761 3733 886 3784 scholion
904 3733 959 3784 sic:
978 3733 1036 3784 ‘his
1055 3733 1167 3784 curibus
1179 3731 1274 3796 hausi,
1295 3733 1400 3799 accepi.

261 3824 290 3869 et
309 3826 352 3870 est
370 3820 551 3886 pleonasmos.
592 3817 687 3869 haurit
710 3820 782 3869 enim
807 3835 855 3885 pro
874 3819 981 3885 percipi
998 3819 1141 3885 ponebant
1152 3821 1274 3880 veteres3
1295 3823 1323 3867 et
1339 3819 1401 3869 ideo

259 3920 313 3970 qua
330 3906 504 3970 potissimum
531 3911 610 3971 porte
638 3919 736 3955 sensus
759 3906 917 3970 percipiant
940 3905 1094 3970 adiungunt
1116 3911 1146 3954 ut
1163 3903 1216 3953 XII
1234 3905 1267 3954 26
1292 3911 1327 3972 et·
1342 3905 1401 3958 661,

257 3989 364 4041 Probus
384 3991 455 4041 enim
474 3991 529 4040 ait:
560 4005 639 4040 nomo
663 3989 756 4041 haurit
779 4005 874 4041 vocem
897 3993 947 4041 nisi
968 3990 1096 4040 aavibus'.
1131 3990 1164 4039 In
1187 3986 1285 4054 quibus
1310 3987 1403 4038 addidi

256 4074 309 4126 duo
328 4075 430 4125 ultimo
449 4075 594 4128 vocabule.

308 4159 352 4222 **)
372 4160 498 4210 Servius:
519 4163 659 4226 ‘pristinus
677 4163 762 4226 prior,
791 4161 862 4225 quod
886 4158 1000 4211 difficile
1020 4160 1166 4211 invenitur.
1202 4175 1265 4209 nom
1292 4157 1325 4208 de
1349 4157 1403 4208 hoc

258 4261 383 4296 sermone
402 4245 511 4310 quaerit
530 4251 558 4296 et
575 4247 680 4296 Probus
699 4250 728 4296 ot
745 4244 821 4294 alii)

297 4315 359 4394 ”fil
380 4329 506 4382 Servius:
527 4331 612 4382 ‘lieet
624 4331 731 4381 Probus
749 4335 867 4395 quaerut
886 4329 949 4396 quid
966 4332 1004 4381 sit
1021 4332 1142 4396 inopinans
1160 4330 1270 4395 bospitio
1282 4333 1401 4396 dextrae,

254 4419 350 4470 tumen
369 4416 503 4481 septimus
522 4430 604 4466 casus
622 4420 674 4481 est,
693 4418 711 4469 i.
732 4433 755 4470 ο,
775 4417 833 4467 iure
853 4414 1073 4482 hospitalitatis’
