3038 4912
572 356 813 398 enonnoouarm.
1200 333 1261 401 105

105 523 309 604 respondetur
344 529 463 602 practer
498 522 568 592 alia,
603 525 633 583 in
661 523 815 604 Menippea
846 524 988 586 Varronis
1024 513 1127 597 ἄλλος
1162 508 1263 600 οὗτος

101 615 274 706 Ἡρακλῆς
297 624 424 687 eundem
449 643 514 686 esse
536 623 696 686 Herculem
720 644 754 687 ac
777 626 902 688 Martem
925 626 1067 707 probari,
1098 627 1262 690 Chaldaeos

108 747 229 811 quoque
258 727 374 790 stellam
396 726 534 789 Herculis
563 746 668 789 vocare
696 745 785 808 quam
814 726 921 808 reliqui
953 747 1058 792 omnes
1080 731 1181 792 blartis
1209 749 1261 811 ap·

108 825 250 912 pellente
273 829 402 910 denique
436 831 466 892 in
496 831 607 892 Octavii
635 831 796 891 Hersenuii
830 829 908 893 libro
936 833 987 912 qui
1015 831 1196 893 inscribatur
1224 833 1262 893 rla

110 936 203 996 sacris
231 931 397 994 Saliaribus
425 933 652 995 Tiburtinorum
683 933 800 1004 doceri,
836 933 931 995 Salios
959 932 1081 995 Herculi
1109 935 1260 996 institutos

111 1039 229 1115 operari
252 1033 358 1096 diebus
380 1037 471 1096 cartis
492 1043 522 1096 et
543 1037 705 1114 auspicato.
736 1036 816 1096 Haec
833 1036 889 1096 tria
904 1042 1079 1114 argumenta
1103 1038 1133 1097 in
1151 1037 1261 1098 nostris

110 1137 231 1200 scholiis
253 1140 296 1199 sio
319 1144 487 1200 contracta:
512 1140 600 1199 ‘sunt
621 1145 721 1198 autem
745 1135 815 1198 Salii
838 1138 939 1200 blartis
963 1146 992 1200 et
1014 1139 1160 1210 Herculis,
1185 1157 1258 1218 quo·

111 1244 191 1302 niam
214 1239 354 1302 Chaldaei
375 1240 491 1302 stollam
512 1241 615 1303 blartis
638 1238 799 1302 Herculem
824 1239 934 1311 dicunt,
959 1259 1032 1322 quos
1047 1243 1140 1303 Varro
1162 1244 1263 1319 sequi-

111 1350 171 1405 tur.
217 1351 246 1404 ct
267 1340 408 1403 Tiburtes
431 1342 528 1406 Salios
548 1344 638 1404 etiam
663 1341 863 1406 dicaverant’.

197 1495 309 1557 Eodem
333 1495 398 1556 loco
421 1515 535 1559 errasse
558 1497 636 1576 apud
660 1496 843 1558 Macrobium
874 1497 983 1558 dicitur
1007 1498 1153 1576 Vergilius
1181 1497 1259 1577 quod
1342 1491 1345 1501 “

112 1597 272 1678 'populeas
295 1615 421 1659 coronas
450 1599 597 1667 nominat.
628 1617 693 1658 oum
723 1599 759 1658 ad
788 1618 870 1659 aram
900 1602 1056 1660 maximam
1086 1599 1149 1660 sola
1176 1599 1261 1661 lauro

113 1701 210 1780 capita
233 1708 263 1761 et
284 1699 341 1762 alia
364 1699 470 1761 lronde
494 1719 553 1761 non
577 1702 715 1762 vinciant.
768 1701 861 1761 videri
891 1704 972 1762 etin
996 1703 1091 1780 capite
1115 1703 1262 1781 praetoris

113 1802 218 1864 urbani
241 1801 373 1863 lauream
397 1821 547 1872 coronam,
571 1819 639 1863 cum
662 1822 725 1863 rem
749 1802 877 1864 divinam
900 1802 1021 1864 llcrculi
1043 1804 1160 1864 iaciat’
1192 1803 1261 1875 Oui·

113 1903 169 1965 bus
193 1905 349 1965 adduntur
383 1903 441 1964 alia
476 1906 797 1984 quaepraetermitto.
848 1904 982 1984 Opponit
1009 1912 1107 1966 autem
1138 1905 1260 1974 Vettius,

113 2013 251 2068 constare
279 2004 399 2086 quidem
428 2023 508 2066 nuuc
534 2005 620 2066 lauro
650 2007 850 2067 sacrificantes
885 2004 963 2085 apud
993 2024 1073 2066 aram
1104 2007 1261 2066 maximam

114 2109 267 2178 coronari,
296 2108 348 2168 serl
372 2106 466 2168 multo
489 2113 557 2186 post
578 2107 702 2167 Romam
730 2106 879 2167 conditam
909 2107 986 2168 banc
1014 2106 1260 2169 consuetudinem

114 2212 280 2290 sumpsisse
309 2209 478 2280 exordium,
514 2216 672 2288 postquam
707 2211 739 2269 in
766 2209 909 2268 Aventino
938 2208 1098 2271 Lauretum
1129 2211 1263 2288 coeperit

117 2313 231 2380 virere,
266 2330 352 2391 qrram
382 2329 446 2372 rem
474 2311 584 2372 docere
607 2312 769 2372 Varronem
794 2309 990 2371 bumanorum
1021 2310 1098 2371 libro
1121 2312 1263 2372 secundo.

116 2419 153 2474 ‘e
169 2420 270 2474 monte
286 2431 367 2491 ergo,
391 2415 495 2494 inquit,
519 2415 656 2492 proximo
671 2411 811 2492 decerpta
828 2411 930 2474 laurus
946 2413 1120 2475 sumebatur
1135 2431 1262 2492 operan-

116 2515 204 2584 tibus,
229 2532 317 2592 quam
341 2516 436 2574 vicina
460 2513 604 2575 olicrebat
627 2515 752 2575 occasio.
791 2514 870 2575 unde
899 2523 981 2576 reete
997 2515 1078 2576 blaro
1102 2523 1203 2576 noster
1226 2515 1262 2575 ad

115 2636 150 2677 ea
179 2624 314 2697 tempora
337 2617 468 2695 respexit
491 2616 598 2693 quibus
622 2615 761 2677 Euander
783 2622 851 2676 ante
880 2616 985 2678 urbem
1008 2617 1156 2678 conditam
1184 2618 1261 2698 apud

115 2737 197 2781 aram
221 2721 379 2780 maximam
402 2736 486 2798 sacra
508 2716 679 2779 celebrabat
702 2725 731 2778 et
747 2717 886 2778 utebatur
901 2718 1010 2799 populo
1027 2721 1129 2799 utique
1144 2718 1262 2781 Alciden

117 2821 316 2898 gratissima’
342 2821 424 2892 Oetae
435 2819 500 2879 vide
519 2819 690 2899 mihiquem
703 2819 738 2879 ad
752 2819 875 2880 verbum
888 2822 952 2881 lere
964 2839 1143 2900 qrramquam
1157 2821 1263 2883 ordine

116 2922 234 2982 turbato
257 2923 287 2982 in
311 2922 414 2982 Servio
438 2920 568 2982 Danielis
591 2921 626 2980 art
649 2941 674 2980 v.
698 2918 760 2982 276
784 2929 896 2981 serrata
920 2924 988 2991 sint,
1013 2923 1064 2982 ubi
1088 2921 1175 2984 bace:
1201 2929 1262 2983 ‘at-

118 3025 169 3104 qui
192 3024 276 3085 lauro
301 3024 438 3084 coronari
461 3021 612 3091 solebant,
643 3023 694 3101 opu
722 3022 799 3100 aputl
829 3041 909 3083 aram
934 3027 1090 3085 maximam
1115 3044 1198 3086 sacra
1220 3026 1269 3107 la·v

119 3124 247 3187 ciebant.
292 3124 344 3185 scd
374 3124 431 3184 boo
454 3131 521 3204 post
544 3122 647 3184 urbem
671 3121 819 3184 conditam
849 3127 1048 3202 coercitioni,
1082 3144 1178 3204 neque
1207 3125 1262 3186 alia

118 3226 226 3287 ironcle
249 3225 415 3287 circumdat
437 3232 525 3305 caput
547 3234 668 3304 praetor
691 3223 836 3295 urbanus,
873 3228 924 3304 qui
948 3228 1061 3287 Graeco
1090 3229 1148 3287 ritu
1171 3229 1263 3288 sacri·

116 3329 194 3389 fleat.
239 3327 291 3388 seu
314 3334 401 3408 pocta
424 3327 460 3388 ad
482 3326 554 3388 illud
579 3336 695 3406 tempus
711 3325 835 3395 rettulit,
859 3343 918 3403 quo
936 3327 1072 3389 Euander
1088 3329 1165 3408 apud
1182 3348 1262 3389 aram

119 3431 277 3489 maximam
301 3447 384 3490 sacra
409 3429 578 3492 celebravit.
624 3427 716 3490 Varro
740 3429 818 3488 eninr
834 3447 934 3490 rerum
958 3429 1153 3491 humanarum
1177 3431 1264 3496 docet

118 3533 147 3591 in
164 3532 310 3591 Aventino
325 3532 494 3594 institutum
511 3531 681 3599 Lauretum,
706 3529 817 3609 dequo
840 3533 976 3610 prroximo
999 3541 1100 3593 moute
1123 3532 1262 3612 decerpta

118 3632 221 3694 laurus
245 3630 419 3694 sumebatur
441 3632 477 3692 ad
502 3652 594 3701 sacra,
619 3634 750 3713 quamvis
773 3634 838 3712 lpse
854 3634 975 3694 alluerit:
1000 3635 1128 3713 populus
1143 3633 1263 3695 Alcidae

117 3735 313 3813 gratissima)

203 3887 270 3948 Non
293 3894 466 3966 poteramus
488 3885 685 3948 luculentiore
708 3885 845 3966 exemplo
868 3887 979 3957 doceri,
1003 3890 1190 3966 quae.iuerit
1212 3909 1262 3951 an·

118 3991 201 4066 tiqua
223 3989 358 4049 Serviani
382 3991 588 4050 commentarii
612 3990 703 4050 iacies
726 4004 874 4066 quamque
898 3992 1025 4069 turpiter
1048 3991 1091 4052 rel
1115 3993 1159 4053 eis
1180 3992 1263 4060 locis,

120 4090 229 4168 quibus
252 4109 300 4152 res
323 4093 404 4170 ipsae
427 4089 545 4170 plenius
568 4108 654 4169 quam
679 4089 749 4151 alibi
772 4099 908 4152 servatae
930 4102 1014 4162 sunt,
1047 4094 1210 4155 deformata
1235 4101 1265 4153 et

119 4193 242 4254 contusa
266 4194 311 4253 sit.
359 4193 396 4255 Ut
418 4194 526 4254 mirum
550 4212 609 4253 non
632 4193 679 4260 sit.
703 4192 782 4272 quod
806 4195 905 4254 tenuis
928 4202 1041 4256 tantum
1065 4195 1172 4257 umbra
1196 4215 1264 4258 eru-

55 4321 60 4328 ·
119 4293 241 4386 ultiouis
263 4313 298 4356 ac
320 4313 358 4356 ue
381 4295 444 4373 ipsa
473 4295 593 4372 quidem
624 4292 748 4362 solutio,
779 4310 855 4371 quae
883 4297 913 4356 in
942 4299 1037 4376 capite
1062 4295 1098 4357 11
1123 4298 1264 4359 Macrobii

120 4397 252 4476 exposita
276 4401 330 4465 est,
355 4397 523 4475 reperiatur
544 4397 574 4457 iu
599 4404 700 4458 nostro
724 4399 948 4458 commentario.
993 4399 1066 4460 Nam
1091 4398 1170 4477 quod
1186 4398 1265 4480 apud
