2970 4896
244 316 307 376 284
696 338 935 379 rnouunounnn.

298 521 299 532 ἵ
332 571 488 633 Praeclare
505 572 692 632 emendatum
709 573 745 634 vt
763 570 822 633 747
839 577 958 634 nurui
972 507 1073 650 (AVRAI
1090 574 1200 632 Iactum
1218 592 1252 632 ex
1271 572 1396 650 nunu),

241 694 297 753 pro
325 694 384 754 quo
413 672 564 750 irrigarem
594 674 719 734 formam
750 693 848 735 curce
871 676 960 734 MPR
990 693 1026 734 ex
1054 673 1207 752 archetypi
1240 676 1397 753 scriptura

242 843 315 904 hace
338 843 475 904 videntur
498 843 662 906 derivasse:
687 777 808 904 AVRAFI.

327 945 424 1005 Minus
447 944 598 1024 probanda
621 947 693 1006 Aen.
710 946 747 1006 VI
769 941 832 1006 664
853 954 1026 1006 correctura
1048 927 1208 1016 struitis
1232 963 1292 1024 qua
1316 949 1397 1006 otios

243 1046 300 1124 legi
325 1046 458 1106 voluerat
480 1047 637 1117 diorthota‚
661 1055 853 1107 serraverunt
875 1051 1028 1122 aliquos
1051 1048 1149 1106 MPR.

327 1147 457 1208 Schedas
491 1149 703 1209 vetustissimas
741 1148 899 1228 quasdam,
941 1148 1021 1208 unde
1053 1149 1230 1226 FMPBybc
1269 1157 1395 1227 praeter

243 1259 360 1310 ceteros
383 1252 567 1310 recentiores
590 1252 736 1328 originem
765 1258 923 1327 ceperunt,
959 1257 1082 1309 octonos
1115 1249 1239 1326 singulis
1274 1252 1396 1328 paginis

241 1370 345 1411 versus
368 1353 551 1412 continuisse
574 1351 642 1411 oiim
666 1355 697 1412 in
721 1352 960 1412 emendationum
976 1350 1208 1428 Vergilianarum
1232 1370 1261 1430 p.
1283 1348 1323 1412 18
1346 1371 1392 1431 sq.

242 1455 408 1531 suspicatus
431 1471 496 1512 sum
520 1452 566 1512 his
588 1473 659 1514 usus
682 1455 873 1531 argumentis.

329 1551 354 1630 1)
380 1553 413 1612 Io
435 1555 465 1612 F
483 1556 554 1614 Aen.
579 1555 630 1614 IIII
653 1551 717 1614 670
739 1555 936 1633 transpositus
959 1563 1003 1614 est
1026 1561 1093 1632 post
1115 1549 1190 1622 677,
1217 1553 1244 1613 It.
1273 1571 1300 1614 e.
1326 1563 1400 1633 post

492 1663 560 1715 octo
584 1673 694 1715 versus,

327 1752 357 1833 2)
383 1755 413 1815 In
438 1757 472 1816 M
494 1765 561 1834 post
581 1758 653 1818 Aen.
678 1757 691 1816 I
713 1753 775 1817 700
796 1757 900 1816 iuserti
924 1765 993 1818 suut
1015 1752 1191 1824 709-716,
1216 1755 1244 1814 ir.
1273 1775 1300 1816 e.
1326 1767 1399 1818 octo

490 1875 602 1926 versus
627 1855 689 1918 tum
707 1857 827 1919 demum
843 1865 985 1918 secuntur
1001 1859 1101 1918 omissi
1117 1864 1183 1917 octo
1201 1854 1397 1920 701—708:

486 1958 599 2018 sImiIas
621 1968 720 2019 autem
744 1967 813 2019 sunt
835 1961 931 2019 exitus
954 1977 1093 2019 versuum
1116 1955 1178 2019 700
1193 1960 1402 2022 discumbitur

461 2099 466 2108 ·
489 2067 572 2120 ostro
595 2068 624 2121 et
647 2057 707 2121 708
730 2063 916 2121 discumbere
932 2049 1040 2136 pictis}

325 2159 355 2236 3)
381 2162 412 2221 Iu
437 2163 474 2221 M
496 2168 563 2240 post
589 2163 660 2222 den.
692 2162 731 2222 IX
760 2159 821 2222 732
853 2161 936 2221 inlati
969 2169 1038 2221 sont
1057 2157 1133 2222 ,725
1155 2181 1198 2240 sq.
1234 2179 1292 2222 suo
1328 2162 1400 2224 loco

487 2265 604 2323 omissi:
629 2263 788 2325 intercedit
804 2261 852 2322 hic
867 2279 985 2340 quoque
1002 2244 1128 2340 soatium
1145 2271 1212 2323 octo
1236 2282 1399 2325 versuum.

332 2361 362 2439 4)
387 2365 420 2424 In
444 2367 472 2424 P
495 2367 641 2442 repetitur
665 2364 719 2425 ccl.
743 2364 768 2424 X
790 2361 832 2424 38
854 2373 921 2443 post
947 2362 1003 2433 67,
1037 2371 1078 2432 ut,
1111 2366 1136 2424 si
1165 2373 1246 2423 recte
1278 2367 1400 2427 conieci

487 2473 556 2544 post
579 2463 716 2526 v.42‘ct
736 2462 779 2527 46
801 2465 933 2543 siuguios
955 2484 1059 2526 versus
1082 2465 1237 2534 excidisse,
1263 2449 1304 2526 ¹sit
1326 2478 1402 2546 post

487 2585 511 2624 r.
535 2563 576 2627 38
610 2587 664 2627 suo
697 2566 762 2626 loco
795 2569 924 2646 positum
961 2569 1127 2628 tricesimus
1161 2567 1314 2628 secundus
1352 2571 1400 2631 rei

489 2675 626 2747 cltrattuor
648 2670 824 2748 paginarum
847 2669 982 2731 ultimus.
1047 2660 1050 2666 ’

327 2765 357 2847 5)
381 2769 413 2828 In
437 2771 583 2848 MPybcor
607 2772 678 2829 den.
708 2770 760 2830 IIII
782 2766 845 2830 548
867 2789 909 2849 sq.
943 2778 1010 2850 post
1036 2767 1098 2831 547
1127 2768 1285 2848 leguntur,
1317 2789 1401 2849 quos

487 2871 725 2950 transponendus
748 2888 813 2931 esse
836 2871 1039 2932 demonstravi
1061 2879 1129 2950 post
1143 2867 1222 2931 418:
1245 2873 1400 2935 interces-

491 2973 566 3032 sisse
588 2992 604 3034 a
627 2991 714 3033 versu
736 2969 800 3033 419
823 2992 916 3052 usque
939 2973 974 3034 ad
990 2969 1052 3034 547
1075 2980 1146 3051 puto
1162 2976 1399 3051 quaternionem

488 3067 618 3135 sedecim
641 3075 825 3153 paginarum,
850 3093 918 3135 nam
940 3071 1002 3136 528
1033 3073 1229 3153 iuterpoiotus
1253 3075 1344 3136 deest
1369 3080 1400 3138 In

488 3177 613 3245 MPmd.
720 3241 726 3248 ,
1033 3227 1037 3236 .
1264 3235 1269 3242 .

322 3273 355 3352 6)
380 3276 412 3337 Iu
442 3277 552 3338 eisdem
579 3278 724 3356 MPybcos
753 3279 824 3338 neu.
849 3277 901 3338 XII
931 3274 990 3339 801
1016 3297 1060 3356 sq.
1090 3283 1190 3338 extant
1218 3286 1291 3356 post
1320 3276 1398 3350 800,

487 3396 614 3456 quorum
638 3378 720 3440 Iocus
744 3388 878 3440 estante
901 3376 978 3448 833,
1007 3378 1142 3440 versibus
1164 3377 1273 3439 XXXII
1297 3382 1397 3442 iuter·

489 3480 603 3558 posius,
628 3480 657 3539 h.
683 3500 708 3540 e.
733 3489 871 3560 quattuor
893 3481 1017 3559 paginis.

329 3577 356 3658 7)
382 3580 414 3640 In
436 3583 613 3658 FMPybcro
636 3582 706 3642 Aen.
730 3583 782 3642 IIII
804 3579 868 3642 486
890 3582 1000 3660 legitur
1020 3591 1088 3661 post
1110 3578 1186 3652 485,
1215 3599 1285 3644 cunr
1309 3585 1396 3646 insu·

488 3682 598 3743 rendus
636 3685 674 3743 sit
712 3690 778 3762 post
815 3681 894 3744 517:
938 3683 1129 3744 intercedunt
1170 3685 1241 3743 item
1284 3703 1398 3748 versus

488 3782 604 3843 XXXII.

326 3881 356 3957 8)
381 3883 413 3943 Iu
437 3887 638 3964 FMPBybcoa
660 3890 731 3948 Aen.
756 3888 796 3948 IX
821 3883 880 3948 146
903 3906 946 3966 sq.
978 3894 1120 3948 secuntur
1149 3906 1174 3946 v.
1209 3885 1288 3956 145,
1320 3910 1402 3970 quos

487 3991 609 4066 reposui
635 3997 703 4067 post
731 4008 756 4048 v.
782 3985 837 4049 72;
871 4009 886 4049 a
919 4008 1004 4049 versu
1034 3995 1132 4049 autem
1161 3984 1202 4048 73
1231 4007 1331 4070 usque
1363 3993 1400 4054 ad

490 4085 551 4148 145
573 4091 682 4150 omisso
700 4089 769 4161 121,
794 4111 853 4171 quo
877 4099 980 4152 carent
996 4089 1182 4167 FMPnybc,
1200 4099 1273 4151 sunt
1290 4111 1402 4157 versus

488 4187 653 4258 LXXIII.
679 4211 704 4253 e.
729 4195 852 4273 pagInae
875 4211 990 4253 uorem.
