3038 4912
568 355 810 403 rauriacoumru.
1217 328 1259 400 83

105 529 256 609 temporis
278 529 371 606 signa.
419 497 540 588 Videtur
562 535 660 589 autem
684 534 778 588 totum
807 525 916 588 librum
939 524 1004 594 aliis
1027 525 1121 604 magis
1143 526 1259 605 periec-

108 641 176 692 tum
201 639 233 690 et
251 630 421 696 accuratius
442 630 587 708 scriptum
616 628 772 708 reliquisse
800 636 898 708 poeta.
948 627 981 688 ln
1010 646 1069 708 quo
1099 643 1138 688 ne
1166 625 1259 687 lremi-

106 729 218 795 ‘stichia
240 731 361 810 quidem
389 731 456 812 plus
482 732 540 792 tria
568 732 760 811 reperiuntur
788 727 839 790 41.
863 727 936 791 469.
960 726 1032 792 539.
1078 730 1121 792 Ex
1150 730 1259 809 quibus

108 834 192 916 quoti
214 835 344 913 primum
366 835 453 912 posui
476 835 570 894 ascito
593 850 698 893 versus
712 829 755 893 49
777 831 898 893 dimidio
922 839 952 892 et
974 832 1093 893 omissis
1114 849 1191 912 quae
1212 833 1259 892 in·

110 934 270 996 tercedunt
291 937 441 1013 integrum
464 935 528 996 lieri
556 922 711 1014 perspexit
732 935 864 1014 lleynius
894 941 924 994 et
954 952 1078 1013 prorsus
1109 933 1258 1014 persuasit

108 1027 336 1115 Peerlkampus,
358 1038 480 1098 minime
502 1036 544 1097 illi
568 1038 687 1097 relutati
702 1056 718 1098 a
735 1035 901 1096 Conradino
924 1054 953 1114 p.
971 1034 1034 1097 Vlll
1058 1035 1124 1096 adn.
1155 1035 1257 1096 lions·

111 1149 195 1201 trum
224 1141 303 1200 euim
334 1137 417 1200 ‘cum
441 1141 503 1201 latu
527 1138 666 1200 concolor
688 1136 773 1198 albo'
807 1157 856 1199 sus
880 1134 928 1216 (81
953 1137 1028 1218 sqq.)
1058 1139 1085 1198 ei
1110 1139 1181 1198 satis
1203 1155 1257 1197 no·

108 1251 174 1302 tum
200 1249 278 1311 erat,
307 1242 359 1318 qni
388 1242 517 1302 vaticinii
545 1240 582 1301 alr
604 1237 718 1301 lleleno
740 1236 865 1300 111390
887 1256 951 1318 sqq.
982 1239 1042 1320 elati
1063 1240 1257 1299 meminisset.

109 1343 315 1404 tornantem
340 1342 554 1421 Peerlkampus
577 1361 643 1403 curn
666 1360 692 1400 v.
719 1337 758 1401 13
781 1357 824 1418 sq.
849 1340 922 1402 haec
944 1340 1119 1404 ‘mutus...
1136 1342 1259 1402 nomeu'

108 1462 173 1506 non
195 1461 283 1523 posse
306 1465 323 1506 a
345 1442 474 1523 Vergilio
497 1447 609 1526 scripta
632 1461 697 1505 esse
720 1442 984 1514 demonstraverit,
1014 1443 1129 1504 aceedit
1157 1445 1257 1522 inper-

112 1547 213 1608 lectus
237 1564 339 1608 versus
366 1545 412 1608 13.
458 1551 554 1625 Atque
576 1546 698 1607 omuino
720 1553 840 1624 praeter
861 1562 953 1607 unum
981 1544 1158 1606 versiculum
1181 1541 1255 1613 654,

111 1666 203 1728 quem
226 1647 417 1710 librariorum
442 1666 546 1710 errore
573 1647 679 1710 laisum
708 1648 739 1707 in
766 1646 865 1708 locum
893 1647 1022 1708 delatum
1046 1665 1111 1709 esse
1134 1648 1258 1716 conieci,

111 1751 138 1810 si
162 1749 234 1828 quid
258 1749 395 1829 displicet
417 1751 448 1810 in
471 1749 528 1810 hoc
551 1748 642 1818 libro,
671 1748 869 1810 abundantiae
892 1751 1019 1812 maxime
1042 1752 1111 1810 vitio
1133 1748 1257 1811 laborat.

109 1853 212 1930 ltaque
235 1863 354 1913 veteres
378 1853 466 1914 etiam
496 1852 639 1930 quaedam
665 1848 746 1931 (927.
771 1847 842 1928 731)
871 1858 904 1913 ut
932 1853 1081 1932 superllua
1109 1854 1258 1933 vitupera·

109 1961 225 2016 verunt.
269 1955 306 2015 Et
327 1955 427 2015 statim
450 1956 535 2015 initio
557 1973 582 2014 v.
607 1951 627 2014 3
650 1972 710 2015 non
733 1953 863 2015 abundat
886 1953 991 2024 solnm,
1022 1954 1073 2014 sed
1098 1973 1258 2034 perversus

109 2062 170 2116 est:
206 2073 273 2116 nam
302 2057 418 2118 animos
443 2041 533 2136 prius
555 2054 670 2117 turbari
699 2062 728 2115 et
757 2057 871 2116 saevire
893 2057 1078 2118 iuventutem
1101 2065 1256 2118 consenta-

110 2175 201 2218 neum
224 2165 296 2228 erat,
320 2164 382 2218 tum
406 2157 528 2219 demum
553 2175 645 2238 equos
667 2165 697 2217 et
719 2175 800 2218 arma
824 2159 957 2219 exuturi.
1002 2158 1080 2237 Ergo
1103 2160 1188 2220 uncis
1210 2159 1255 2218 in·

109 2257 275 2320 eludendus
298 2266 362 2321 erat
384 2260 455 2319 item
479 2266 511 2320 ut
526 2277 613 2339 quem
629 2261 735 2322 nrerito
750 2258 964 2341 Peerlkampus
980 2259 1129 2321 damnavit
1146 2257 1207 2320 149
1230 2269 1259 2320 et

108 2363 168 2421 iam
193 2360 307 2441 Heynio
331 2362 464 2440 suspecti
487 2357 549 2422 283
566 2378 610 2439 sq.
641 2361 737 2422 Etiam
762 2379 786 2421 v.
809 2358 870 2422 601
894 2362 982 2424 dubia
1005 2360 1079 2422 mihi
1100 2361 1173 2423 tides
1196 2369 1256 2423 est:

109 2464 206 2524 miror
235 2463 315 2523 enim
344 2462 482 2523 Latinum
508 2471 627 2541 poetam
655 2463 790 2525 Silvanus
822 2464 916 2542 qualis
950 2471 1029 2525 esset
1058 2462 1132 2526 deus
1160 2463 1259 2525 verbis

112 2565 271 2626 ‘arvorum
300 2567 478 2645 pecorisque
501 2565 575 2626 deo'
611 2566 811 2628 enarrandum
844 2565 902 2628 sihi
929 2567 1057 2627 eluxisse.
1115 2565 1173 2627 Sed
1203 2564 1258 2626 alia

114 2684 201 2728 causa
224 2685 328 2745 parum
357 2673 442 2746 aptae
470 2665 548 2728 illius
570 2666 687 2728 Tartari
716 2670 1007 2730 commemorationis
1029 2687 1055 2728 v.
1080 2664 1257 2739 666-670,

111 2786 202 2847 quam
226 2768 295 2830 licet
317 2769 470 2829 verissime
493 2787 510 2828 a
533 2767 730 2850 Peerlkampo
753 2772 949 2850 vituperarem
978 2778 1076 2831 tamen
1106 2777 1138 2831 ut
1160 2789 1258 2832 serve·

111 2888 181 2932 mus
203 2872 235 2931 in
259 2877 340 2931 textu
364 2879 474 2949 cogunt
496 2891 521 2931 v.
545 2868 605 2932 671
635 2870 725 2932 verba
754 2871 846 2932 ‘haec
874 2873 980 2942 inter’,
1009 2890 1085 2952 quae
1107 2890 1168 2933 non
1191 2891 1260 2952 pos·

112 2979 182 3034 sunt
203 2971 337 3050 intellegi
359 2973 417 3032 nisi
440 2979 602 3034 statuamus
623 2975 703 3033 inter
724 2973 841 3034 Tartari
865 2981 893 3034 et
916 2991 1018 3034 eorum
1042 2992 1117 3053 quae
1132 2975 1164 3034 in
1179 2980 1258 3036 terra

109 3082 193 3152 gesta
218 3075 374 3152 tinguntur
395 3075 555 3151 imaginem
579 3075 729 3136 Oceanum
752 3076 882 3136 lltvxisse.
933 3075 1046 3136 Tamen
1074 3094 1133 3136 non
1156 3075 1259 3137 dubito

110 3177 182 3255 quin
214 3174 295 3236 hunc
329 3177 459 3237 maxime
495 3175 594 3238 locum
628 3177 767 3239 secundis
806 3179 885 3238 curis
918 3186 1005 3256 pocta
1036 3183 1258 3240 retractaturus

108 3278 208 3338 luerit.

194 3379 227 3440 ln
249 3383 364 3440 decimo
385 3379 462 3441 libro
486 3382 604 3459 quaudo
628 3389 762 3443 versatus
786 3383 826 3442 sit
847 3388 935 3461 poeta
958 3379 1040 3442 nullo
1063 3380 1171 3442 indicio
1187 3400 1256 3463 pro·

110 3480 199 3542 ditur.
244 3481 310 3542 Non
333 3481 490 3561 complevit
512 3502 618 3546 versus
642 3482 691 3545 17.
715 3481 786 3545 284.
811 3480 883 3546 490.
907 3480 980 3545 580.
1005 3478 1075 3545 728.
1100 3479 1171 3553 876,
1202 3503 1258 3545 nec

108 3580 150 3644 27
172 3584 237 3663 ipse
260 3583 420 3663 inplevisse
450 3585 581 3654 videtum
612 3595 642 3647 et
670 3586 911 3667 interpolationis
939 3587 1140 3665 suspicionem
1169 3587 1256 3648 etiam

105 3705 131 3747 v.
158 3682 218 3747 145
246 3686 318 3746 satis
346 3687 454 3764 frigida
482 3687 519 3748 de
550 3688 666 3769 Capuae
696 3691 816 3749 nomine
848 3689 953 3749 notitia
981 3694 1089 3748 movet.
1146 3688 1258 3766 Integri

107 3805 209 3849 versus
237 3787 410 3866 interpolati
438 3787 583 3850 librorum
614 3793 790 3852 auctoritate
817 3791 1014 3870 repudiantur
1042 3786 1105 3850 278
1135 3797 1164 3850 et
1185 3787 1257 3851 872.

106 3889 164 3950 Sed
188 3891 306 3952 omissis
330 3890 395 3950 aliis
418 3893 525 3970 pannis
548 3891 723 3972 quibusdam
747 3894 909 3970 integritati
932 3893 1079 3972 poematis
1094 3891 1171 3953 bene
1187 3910 1258 3953 con·

107 3990 245 4053 solitum·
270 3992 404 4053 Primum
429 4013 453 4052 v.
477 3990 521 4054 20
543 4011 587 4071 sq.
623 3995 696 4055 terri
718 3995 853 4056 Turnum
886 4014 941 4075 per
968 3993 1082 4056 medios
1111 3995 1258 4074 insignem

106 4096 190 4170 equis
212 4093 287 4156 ialso
310 4095 449 4173 queritur
464 4096 584 4156 Venus:
609 4096 694 4157 initio
717 4096 835 4174 quidem
859 4097 1063 4158 antecedentis
1084 4095 1153 4157 libri
1175 4115 1201 4156 v.
1217 4093 1260 4156 59

106 4195 235 4256 'llvracio
266 4194 316 4256 ille
346 4213 424 4274 equo
454 4204 523 4258 ante
552 4197 653 4259 volans
682 4217 787 4278 agmen
816 4207 1035 4279 praecesserat,
1070 4207 1100 4260 at
1131 4201 1256 4260 ‘cursu’

94 4316 131 4359 v.
154 4294 218 4359 559
239 4297 350 4379 Lycum
374 4306 498 4360 secutus
520 4301 612 4379 perles
634 4303 698 4362 sine
722 4301 811 4362 dubio
835 4320 859 4362 v.
885 4298 946 4362 728
967 4303 998 4362 in
1021 4308 1124 4380 portas
1145 4303 1258 4382 inrupit

104 4399 250 4461 eticonis
272 4402 369 4462 instar
392 4421 416 4462 v.
435 4398 495 4462 797
513 4404 636 4479 vestigia
660 4403 888 4485 ‘inproperato’
911 4403 1040 4484 rettulit,
1064 4403 1160 4463 donoc
1182 4402 1256 4464 saltu

1006 4502 1051 4565 ge
