2970 4896
257 293 319 356 346
709 313 948 354 enocesonsrnr.

258 497 302 556 ge.
327 479 381 541 llll
404 476 467 538 246
489 483 598 539 durum
621 497 688 539 cmn
712 479 807 539 Nonio
831 480 967 557 (dirum
991 479 1143 556 meduan
1202 477 1266 540 373
1289 484 1403 556 instuit:

257 585 294 644 cl.
319 581 520 658 l'hiiargyrins
554 581 708 656 (effluit
732 579 885 658 metron
967 576 1172 641 renutet
1205 563 1285 641 exit
1314 582 1404 655 (exiit

259 683 386 761 MPpb);
467 678 574 741 v‘too
607 683 678 742 bue
712 680 802 758 (baec
825 675 1017 759 Meropum
1097 678 1205 742 >1557
1233 685 1300 762 isti
1322 683 1403 758 (astte

259 781 480 860 meneutam
549 781 587 842 ΧΙ
609 779 671 844 243
694 783 871 843 Diomede
893 781 1069 858 (Diomeden
1093 783 1254 860 MPBybc:
1277 783 1315 842 ci.
1333 784 1401 843 Ser-

257 887 319 945 vius
343 892 372 944 et
394 882 582 959 Macrobius).

340 985 412 1044 ltem
437 983 519 1044 valde
543 983 734 1045 memorabile
757 983 835 1060 quod
860 984 930 1044 hen.
955 983 966 1042 l
989 979 1053 1046 455
1075 984 1155 1044 solus
1178 986 1242 1044 veri
1264 985 1399 1046 umbram

256 1091 339 1148 iutra
360 1105 392 1146 se
407 1087 541 1154 servavit,
565 1087 596 1144 in
612 1071 721 1146 ceteris
740 1085 920 1162 surrepta
942 1084 1139 1146 oblitteratam
1163 1088 1334 1146 coniectura
1357 1091 1399 1146 ua-

254 1196 302 1247 ter
323 1205 363 1248 se.
410 1187 528 1246 Conieei
553 1187 631 1246 enirn
655 1193 773 1264 poetam
797 1187 953 1263 scripsisse
975 1189 1095 1246 intrans
1117 1185 1160 1245 vel
1184 1190 1293 1246 lutros.

343 1305 504 1380 Vestigium
527 1305 589 1363 reri
610 1303 722 1362 indicat
744 1304 830 1362 etiam
854 1305 925 1361 Aen.
950 1302 999 1362 Vll
1020 1300 1071 1370 26,
1096 1302 1146 1363 nbi
1169 1308 1200 1362 iu
1223 1309 1318 1365 rosels
1340 1308 1402 1368 FM

255 1407 373 1484 Pllylut
395 1406 534 1474 iunoleif
549 1410 594 1462 cl.
637 1404 723 1480 Atqui
743 1405 953 1463 luteollurora
976 1404 1054 1479 quod
1077 1406 1107 1464 in
1130 1409 1224 1465 roseis
1246 1403 1322 1482 bigis
1346 1407 1399 1466 inl·

255 1525 326 1584 gero
349 1505 469 1577 dicitnr,
494 1504 694 1563 Sclrraderum
719 1512 748 1563 et
764 1503 930 1563 Bentleinm
955 1506 1060 1564 merito
1085 1505 1222 1564 offendit:
1248 1523 1316 1566 nam
1341 1511 1398 1567 orti

254 1608 373 1667 demnrn
399 1605 475 1664 Solis
498 1602 598 1663 lumen
621 1623 751 1672 roseum,
775 1605 898 1664 orientis
920 1623 1060 1665 croceum
1084 1604 1258 1684 appellatur,
1284 1613 1400 1684 poterat

254 1710 317 1767 sine
349 1705 438 1766 dnbio
474 1709 591 1766 uarium
625 1704 767 1783 appellari
797 1713 828 1764 ut
855 1708 970 1766 croceis
997 1706 1174 1784 pinnis-iris
1201 1725 1257 1785 per
1285 1707 1399 1768 caelum

255 1806 333 1868 mille
357 1806 447 1867 trahit
470 1809 567 1866 varios
591 1805 708 1866 colores
731 1807 783 1866 llll
806 1803 883 1875 701,
915 1806 994 1885 quod
1018 1825 1084 1867 cum
1108 1808 1165 1868 hoc
1188 1806 1251 1867 solo
1274 1808 1340 1868 loco
1364 1810 1400 1868 de

254 1912 385 1970 Aurorae
410 1907 485 1984 bigis
508 1914 683 1985 usurpatum
707 1909 761 1974 sit,
790 1909 823 1966 in·
850 1907 1010 1986 archetypo
1040 1909 1083 1966 sic
1113 1909 1245 1968 extitisse
1269 1912 1398 1970 conicio:

162 2007 163 2010 ’
255 2007 349 2060 ROSE

254 2076 386 2136 ventis.

338 2179 413 2236 Sunt
436 2195 507 2254 ergo
525 2178 692 2236 beroenses
715 2193 834 2253 qnoque
857 2178 975 2237 codices
997 2178 1035 2238 be
1057 2179 1250 2238 vetustiorum
1274 2179 1325 2240 ubi
1349 2181 1399 2240 dc-

254 2280 356 2337 ircinot
379 2277 480 2337 vicarii
503 2296 562 2336 non
587 2296 710 2356 prorsus
733 2278 959 2344 contemnendi,
991 2289 1049 2338 non
1073 2286 1170 2338 tamen
1194 2289 1227 2340 ut
1248 2283 1324 2341 certi
1348 2280 1399 2342 ali·

254 2380 338 2437 cuius
362 2377 505 2438 alteruter
529 2379 671 2438 iacturam
695 2378 782 2456 plane
805 2379 960 2450 resarciat,
990 2377 1041 2437 sed
1071 2386 1104 2437 nt
1126 2379 1277 2459 archetypi
1300 2384 1400 2460 potins

253 2478 381 2538 indolem
406 2479 527 2553 quatem
551 2477 763 2556 descripsimus
786 2481 971 2538 eordnment.
1022 2478 1102 2549 Quae
1133 2499 1190 2560 quo
1213 2483 1400 2544 manifestius

252 2581 281 2637 in
306 2586 497 2655 conspectum
521 2580 605 2656 qnasi
629 2580 749 2646 veniret,
775 2578 908 2639 consulto
933 2581 999 2639 vitia
1023 2583 1209 2658 potissimum
1233 2580 1350 2659 collegi.

338 2696 476 2755 Ceterum
500 2713 577 2773 quae
600 2697 677 2755 inter
700 2695 794 2756 libros
818 2697 986 2774 MPRyabc
1012 2699 1087 2758 ratio
1118 2699 1282 2760 intercedat
1310 2703 1399 2762 ctiam

253 2795 420 2873 eclogarum
437 2794 622 2874 singularum
638 2796 880 2876 inscriptionibus
896 2797 1031 2868 discitur.
1056 2799 1250 2860 Consentiunt
1265 2801 1399 2878 PRyabc

253 2898 283 2956 in
308 2895 428 2973 eclogae
445 2896 480 2955 Vl
504 2887 674 2958 ‘sannorum
691 2907 857 2976 satyrorum
875 2906 904 2956 et
919 2897 1084 2958 silenornm
1100 2899 1277 2960 delectatio'
1301 2901 1397 2970 titulo,

255 2997 304 3058 nbi
328 2996 426 3057 deficit
448 3000 497 3069 M,
528 3000 558 3056 in
587 3001 614 3058 V
635 2997 730 3074 qualis
754 2999 841 3058 inerit
864 3000 984 3076 agnosci
1008 3016 1066 3058 non
1090 3008 1203 3078 potest;
1237 3002 1347 3078 Byobe
1370 3005 1399 3062 in

252 3105 374 3177 ‹prtartae
397 3096 525 3158 ‘saecoli
548 3100 615 3158 novi
638 3100 863 3176 interpretatio’
888 3099 955 3176 (del.
981 3101 1074 3174 MP],·
1096 3103 1237 3180 MPyabe
1265 3101 1336 3176 (det.
1363 3104 1399 3176 lo

252 3200 362 3258 omisso
385 3200 528 3277 septimae
551 3207 734 3276 argumento.
759 3217 954 3276 personarum
978 3208 1091 3261 tantum
1117 3201 1287 3262 nominibus
1309 3222 1399 3280 prae·

254 3301 370 3377 positis:
406 3301 476 3358 item
500 3300 633 3376 Pllyubc
661 3299 729 3373 (dei.
753 3301 803 3374 M)
834 3300 936 3360 cadem
966 3303 1080 3361 ratione
1109 3305 1139 3362 in
1163 3302 1216 3362 ecl.
1243 3302 1281 3362 lll
1305 3311 1335 3363 et
1361 3305 1399 3370 V;

252 3402 379 3459 omissae
401 3405 471 3459 sunt
493 3417 639 3476 personae
661 3409 728 3460 anto
751 3399 804 3458 ecl.
829 3399 841 3458 l
864 3403 893 3461 in
917 3404 1011 3478 Bylae,
1036 3409 1137 3462 extant
1159 3404 1188 3463 ln
1210 3404 1239 3462 P
1258 3401 1328 3476 (del.
1344 3407 1400 3482 M).

254 3500 418 3560 Praemittit
440 3498 686 3559 interlocutorum
716 3500 886 3561 nominibus
914 3520 989 3580 qnae
1022 3499 1134 3562 habent
1155 3503 1241 3569 Pllh,
1276 3521 1338 3562 orn.
1373 3525 1401 3572 c,

219 3617 220 3620 ’
253 3599 372 3675 eelogae
395 3598 420 3658 ll
443 3607 651 3675 argumentum
674 3601 730 3658 ‘de
753 3617 854 3661 amore
878 3604 982 3680 pueri’
1005 3622 1026 3680 y
1049 3601 1117 3677 (dei.
1142 3605 1209 3680 M);
1234 3602 1313 3664 idem
1346 3623 1400 3665 no·

253 3718 307 3758 nae
332 3699 387 3759 ‘de
410 3701 488 3774 agris
510 3703 685 3779 conquestio
709 3706 770 3760 est'
794 3710 860 3779 post
883 3704 1002 3764 nomina
1026 3719 1099 3778 quae
1123 3704 1151 3770 in
1175 3705 1253 3763 MPb
1277 3722 1402 3782 quoquc

252 3809 353 3860 extant
375 3800 442 3873 (del.
467 3799 521 3878 ll),
556 3801 607 3860 sed
631 3801 775 3862 recedunt
797 3801 833 3862 ab
856 3802 902 3863 his
933 3821 985 3874 uc,
1020 3801 1071 3862 nbi
1100 3805 1300 3881 suprascripta
1331 3817 1403 3868 sunt

253 3900 307 3958 ‘de
330 3903 484 3976 questione
507 3898 612 3979 poetae
635 3900 672 3962 de
694 3903 802 3962 amisso
825 3921 906 3979 agro,
938 3902 1037 3962 Licida
1061 3903 1192 3964 Moeris!
1236 3902 1269 3963 ln
1294 3913 1403 3968 octava

252 4003 441 4060 consentiunt
463 4005 517 4073 Pu,
540 4003 681 4079 inscripta
705 4003 861 4063 ‘barnonis
891 4012 919 4062 et
941 4002 1130 4082 Alphesiboei
1151 4014 1302 4064 certamen
1312 4008 1335 4074 ’,
1374 4017 1404 4068 et

253 4103 287 4160 M
308 4119 343 4159 eo
366 4109 478 4162 tantum
503 4102 637 4162 diversus
666 4102 744 4180 qnod
774 4106 949 4172 ‘certatio',
985 4121 1043 4164 non
1072 4105 1260 4164 'certamen’
1290 4105 1402 4170 babet:

252 4203 359 4279 repetit
381 4201 459 4261 idem
483 4203 545 4262 lere
569 4213 774 4279 argumentum
803 4203 899 4264 addita
929 4211 1026 4266 tamen
1061 4213 1166 4282 poetae
1195 4223 1326 4282 persona
1360 4210 1405 4270 sie

253 4304 367 4381 ‘poeta
400 4303 540 4362 Damonis
557 4312 585 4362 et
600 4302 789 4381 Alphesiboei
813 4305 980 4363 contentlo'
1003 4307 1030 4380 b,
1054 4322 1250 4382 personarum
1276 4311 1403 4370 nomina
