2962 4904
164 359 167 368 ’
258 343 298 410 10
707 363 952 408 rnocsuoueun.

342 534 479 597 Ultimum
503 533 672 613 eclogarum
701 537 880 596 decimam
903 551 968 594 esse
991 541 1108 596 constat
1130 541 1218 596 versu
1241 536 1348 614 primo,
1375 541 1406 595 et

255 638 406 700 eredimus
429 638 533 698 Servio
556 637 728 717 Cytherida,
757 635 895 697 libertam
918 635 1076 706 Volumnii,
1101 643 1226 698 amatam
1251 656 1267 698 a
1291 639 1404 700 Corne-

204 761 208 784 ‹
255 739 294 800 lio
311 739 394 801 Gallo
406 748 502 820 poeta,
520 739 673 820 Lycoridis
695 740 816 800 nomine
834 739 1004 816 significari,
1028 757 1208 818 quamquam
1231 739 1307 800 luiso
1324 739 1403 802 idem

254 849 366 912 rrarrat,
389 843 547 904 Antonium
570 843 601 902 in
624 825 732 903 Gallias
755 842 995 921 proficiscentem
1019 849 1150 904 secutam
1181 839 1248 904 esse
1270 845 1402 904 mimam.

255 945 328 1007 Nam
350 946 376 1006 is
398 946 456 1006 iam
479 963 557 1006 anno
580 941 641 1006 708
664 946 754 1006 missa
777 943 936 1024 Cytheride
958 945 1047 1032 mima
1077 945 1302 1024 (quamlectica
1325 948 1404 1008 iuter

254 1047 374 1110 lictores
395 1048 514 1109 Antonii
536 1048 650 1126 portari
673 1065 751 1108 anno
773 1041 835 1108 705
863 1048 998 1124 queritur
1020 1047 1123 1108 Cicero
1152 1047 1188 1108 ad
1221 1049 1279 1108 Att.
1302 1046 1328 1109 X
1353 1046 1403 1118 10,

224 1143 226 1148 ’
253 1147 274 1213 5
297 1157 326 1210 et
351 1147 399 1219 16,
422 1145 444 1211 5
467 1149 612 1229 epistolis)
635 1150 766 1211 Fulviam
790 1148 923 1211 duxerat

338 1253 447 1315 Contra
470 1251 705 1329 quodhlartiuus
727 1253 842 1315 statuit
857 1268 934 1314 anno
957 1249 1018 1314 717
1041 1253 1164 1314 ineunte
1187 1253 1305 1314 demum
1329 1257 1403 1316 sori·

256 1362 337 1435 ptam
352 1373 418 1416 esse
434 1353 511 1414 hanc
527 1355 669 1432 eclogam,
694 1357 824 1434 primmn
846 1354 968 1416 minime
982 1353 1062 1424 inde,
1086 1354 1166 1434 quod
1181 1355 1292 1434 lrigora
1306 1356 1403 1418 Rheni

255 1477 280 1518 v.
301 1447 345 1518 '47
368 1465 655 1528 commemorantur,
685 1458 835 1535 sequitur,
867 1455 997 1518 voluisse
1019 1464 1138 1536 poetam
1166 1476 1201 1517 eo
1224 1459 1341 1536 insigne
1363 1460 1401 1520 hl.

253 1561 402 1640 Agrippae
423 1560 536 1621 laetum
556 1573 618 1640 quo
640 1561 666 1621 is
688 1557 837 1620 secundus
859 1559 1062 1621 Romanorum
1086 1579 1153 1622 cum
1178 1561 1404 1622 exercitalibu-

254 1669 326 1724 num
349 1668 557 1740 transgressos
580 1669 625 1724 est
649 1660 713 1742 (Dio
735 1661 906 1722 xxxxvm
927 1657 979 1742 49)
1004 1669 1135 1740 tangere.
1180 1662 1254 1724 Nam
1285 1672 1405 1743 poterat

254 1765 285 1824 ni
308 1763 395 1824 lallor
410 1762 511 1824 Gallus
534 1771 592 1824 tam
616 1771 732 1826 atroces
756 1765 868 1825 amicae
884 1763 1002 1824 labores
1019 1762 1146 1826 sollicito
1163 1766 1261 1826 arumo
1277 1767 1402 1844 llngere,

254 1867 369 1928 etiamsi
399 1865 566 1928 distinctius
592 1865 668 1928 nibil
692 1868 783 1928 sciret
806 1867 861 1927 nisi
885 1884 950 1927 eam
978 1883 1091 1944 perque
1114 1869 1197 1928 nives
1219 1867 1308 1930 alium
1332 1885 1402 1948 per·

254 1987 312 2048 que
349 1967 468 2029 horrida
503 1975 598 2030 eastra
631 1975 763 2030 secutam
798 1985 864 2030 esse
897 1969 932 2050 (v.
966 1965 1028 2047 23).
1090 1969 1152 2030 Nec
1191 1969 1293 2031 dubito
1330 1973 1403 2048 quin

254 2069 360 2131 similia
393 2070 554 2132 metuerint
593 2068 638 2132 rel
671 2090 703 2130 se
735 2077 872 2134 metuere
914 2069 1043 2132 dixerint
1082 2070 1193 2133 multae
1230 2091 1339 2132 unxores
1374 2081 1405 2134 et

253 2175 365 2236 amicae
389 2180 418 2233 ct
442 2181 552 2257 matres
575 2179 604 2232 et
625 2191 746 2244 sorores
773 2174 834 2234 suis
859 2172 904 2234 vel
936 2173 1050 2234 maritis
1073 2173 1117 2234 vel
1145 2172 1214 2234 liliis
1236 2173 1281 2235 vel
1303 2175 1401 2236 iratri-

254 2274 311 2337 bus
344 2273 389 2336 vel
419 2275 522 2336 aurinis
551 2275 810 2354 proficiscentibus
847 2282 877 2336 et
911 2265 1120 2355 proiectis‘in
1152 2275 1276 2338 Galliam
1306 2276 1402 2340 Tran-

254 2377 408 2456 salpinam,
443 2377 530 2438 etiam
565 2355 634 2439 ante
664 2379 832 2456 Agrippam,
868 2375 948 2438 velut
980 2379 1050 2438 anni
1081 2374 1144 2438 715
1177 2385 1299 2446 aestate,
1333 2397 1402 2440 cum

257 2487 326 2559 post
358 2497 460 2558 pacem
482 2477 563 2540 ,cu'm
596 2479 686 2540 Sexto
720 2479 863 2558 Pompeio
895 2481 1002 2541 iactam
1031 2480 1141 2542 Caesar
1174 2481 1238 2560 ipse
1272 2475 1307 2553 ἐς
1339 2474 1404 2562 τὴν

254 2574 422 2661 Κελτικήν
452 2571 582 2662 ἐξώρμα
610 2573 866 2662 ταρασσομένην
906 2569 1039 2663 (Appian.
1068 2580 1097 2642 b.
1121 2601 1147 2644 c.
1173 2583 1194 2643 V
1218 2578 1288 2662 75),
1322 2583 1402 2646 uude

254 2701 323 2744 mox
356 2701 497 2746 reuersus
524 2685 684 2763 Agrippam
718 2684 958 2764 depugnaturum
986 2683 1085 2745 Gallos
1118 2685 1277 2746 seditiosos
1310 2704 1401 2765 supra

253 2784 343 2864 Alpes
365 2786 454 2870 misit.
500 2788 596 2866 Atque
619 2787 715 2865 ipsnm
731 2787 891 2865 Agrippam
914 2793 1147 2848 consentaneum
1171 2793 1217 2848 est
1238 2803 1316 2848 anno
1339 2785 1403 2851 715

255 2895 382 2966 exstante
405 2894 435 2949 et
455 2889 621 2967 proiectum
645 2907 710 2949 esse
725 2871 763 2947 in
785 2890 968 2967 provinciam
992 2895 1022 2950 et
1044 2887 1298 2951 victoriamillam
1313 2889 1401 2952 nobi·

254 2988 396 3050 lissimam
428 2989 464 3050 ab
498 2992 651 3070 Aquitanis
683 2991 884 3068 reportavisse
918 2990 1050 3070 (Appiau.
1084 2990 1113 3051 b.
1149 3010 1174 3052 e.
1203 2988 1309 3068 792).
1364 2993 1403 3055 111

255 3092 370 3152 etiamsi
392 3090 571 3170 largiremur
595 3110 682 3154 versu
701 3089 742 3153 47
755 3093 902 3172 Agrippae
924 3091 1143 3171 expeditionem
1166 3094 1334 3172 significari,
1357 3103 1401 3157 ta-

255 3211 322 3254 men
347 3195 468 3256 minime
490 3213 614 3256 neeesse
636 3196 715 3257 soret
736 3193 813 3257 ultra
829 3195 906 3280 ‚anni
918 3191 981 3256 715
997 3197 1157 3258 terminum
1171 3195 1202 3258 in
1218 3195 1401 3276 adsignando

255 3295 374 3375 eelogae
396 3296 422 3357 X
445 3305 578 3376 ternpore
601 3297 726 3375 evagari.
839 3323 840 3326 ¹

340 3398 399 3459 Sed
422 3400 544 3460 omnino
567 3400 614 3460 vix
637 3397 729 3460 multo
745 3399 877 3460 firmiore
900 3399 1005 3460 nititur
1028 3398 1221 3462 lundomento
1244 3399 1402 3480 explicatio

255 3501 321 3570 ista,
346 3517 434 3577 quam
457 3502 482 3560 si
505 3502 572 3578 quis
595 3485 639 3562 vel
667 3502 793 3581 primam
817 3501 948 3580 eclogam
978 3511 1102 3581 propter
1125 3502 1284 3568 Britannos
1310 3521 1336 3564 r.
1359 3502 1402 3566 66

254 3610 502 3664 commemoratos
524 3603 559 3664 ad
584 3621 695 3664 anuum
718 3599 789 3672 727,
814 3620 873 3680 quo
894 3605 1043 3682 Augustus
1070 3605 1102 3666 in
1124 3604 1306 3668 Britanniam
1330 3624 1400 3685 pro·

253 3705 388 3766 lecturus
411 3711 484 3774 erat,
508 3707 622 3766 referre
645 3705 689 3766 vel
713 3704 792 3782 qnod
813 3707 843 3766 in
867 3714 971 3785 ‹puarta
994 3726 1019 3766 v.
1035 3703 1077 3768 36
1099 3708 1209 3770 iterum
1233 3706 1269 3768 ad
1281 3708 1401 3772 Troiam

253 3825 393 3886 magnum
422 3808 545 3870 missum
578 3809 615 3868 iri
644 3807 789 3868 Achillem
817 3809 987 3870 vaticinium
1022 3807 1148 3886 legitur,
1183 3809 1220 3870 de
1249 3810 1401 3874 Octadani

254 3916 321 3988 post
343 3927 474 4030 pugnam
497 3911 644 3972 Actiacam
667 3911 774 3971 itinere
796 3912 923 3972 Asiatico
947 3912 1077 3988 cogitare
1106 3913 1237 3974 animum
1267 3912 1399 3976 inducat.

339 4217 415 4278 Olim
439 4214 512 4276 baec
535 4217 571 4277 de
595 4215 750 4277 bucolicon
773 4216 958 4296 temporibus
981 4220 1227 4299 conscripseram,
1253 4237 1320 4280 cnm
1344 4221 1399 4281 Cu-

253 4323 314 4380 roli
339 4321 493 4396 Schoperi
520 4319 677 4379 novissima
710 4319 747 4380 de
777 4319 879 4380 eadem
908 4338 942 4380 re
971 4320 1130 4400 disputatio
1161 4321 1191 4382 in
1214 4318 1399 4384 Fleckeiseni

253 4420 402 4482 annalium
437 4428 455 4480 t.
493 4419 672 4490 txxxvntl
706 4430 735 4480 et
767 4419 897 4484 Lxxxx
925 4441 952 4501 p.
983 4419 1149 4484 663-657
1179 4431 1208 4484 et
1231 4419 1401 4486 tce-794
