3038 4912
700 339 945 382 attoneuomurtA.

711 861 845 938 Onpur
872 853 992 938 IX.

477 1059 541 1141 De
573 1063 962 1144 commentatoribus
993 1063 1171 1166 Vergilii.

783 1461 859 1542 §L
954 1395 960 1408 =

334 1633 451 1694 Primus
473 1632 625 1712 praelegit,
650 1631 680 1692 h.
705 1651 729 1694 e.
754 1633 881 1712 legendo
897 1635 1111 1714 interpretatus
1127 1637 1156 1696 et
1178 1643 1396 1698 commentatus
1515 1685 1517 1690 ,

250 1743 295 1796 est
317 1733 480 1814 Vergilium
505 1735 537 1806 Q.
563 1736 710 1798 Caecilius
732 1737 878 1815 Epirota,
907 1739 958 1816 qui
987 1736 1112 1800 libertus
1139 1739 1227 1800 Attici
1255 1747 1285 1799 et
1307 1739 1394 1800 Pom·

250 1838 358 1918 punine
380 1835 457 1898 tiliae
479 1845 668 1918 praeceptor,
692 1855 760 1898 mox
777 1837 906 1901 Cornelii
921 1838 997 1900 Galli
1012 1847 1117 1919 poetae
1139 1831 1394 1910 familiarissimus,

248 1948 316 2021 post
339 1941 403 2003 eius
426 1938 645 2002 damnationem
669 1949 854 2021 mortemque
877 1937 1014 2023 (728)26)
1038 1940 1170 2003 scholam
1193 1944 1320 2022 aperuit,
1343 1943 1396 2004 sed

248 2051 282 2104 ut
303 2044 405 2122 paucis
428 2048 459 2103 et
481 2050 595 2104 tantum
618 2041 858 2105 adolescentibus
874 2045 1070 2123 praeciperet.
1116 2043 1192 2106 Eum
1214 2046 1305 2123 igitur
1321 2044 1395 2107 Stre·

248 2147 347 2206 tonius
369 2145 406 2205 de
428 2143 469 2205 ill.
492 2161 537 2222 gr.
563 2141 602 2206 16
624 2153 750 2207 testatur
773 2152 803 2206 et
825 2145 988 2224 Vergilium
1017 2155 1047 2208 et
1076 2145 1149 2208 alios
1177 2153 1281 2226 poetas
1304 2165 1396 2208 novos

248 2247 379 2326 primum
401 2245 577 2326 praelegere
599 2249 734 2328 coepisse
758 2245 862 2308 eodem
885 2249 916 2310 ni
938 2247 1025 2309 tollor
1053 2240 1151 2317 more,
1181 2267 1239 2327 quo
1269 2247 1339 2312 olim
1362 2249 1394 2309 C.

248 2349 387 2410 Octavius
408 2348 570 2429 Lampadio
586 2348 687 2410 Naevii
709 2349 852 2410 Punicum
876 2349 987 2414 bellum
1011 2358 1041 2412 et
1063 2349 1097 2421 Q.
1124 2349 1321 2428 Vargunteius
1342 2367 1394 2411 an·

248 2449 331 2512 nales
352 2452 441 2514 Ennii
464 2458 494 2512 et
508 2450 624 2512 Laelius
638 2449 800 2514 Archelaus
816 2451 994 2532 Vectiusque
1009 2449 1199 2514 Philocomus
1221 2449 1325 2514 Lucilii
1347 2469 1394 2514 sa·

249 2562 329 2615 toras
352 2553 461 2632 legisse
484 2553 621 2615 leruntur
644 2552 691 2634 (de
711 2551 752 2614 ill.
777 2571 822 2634 gr.
838 2550 868 2634 2)
893 2573 1011 2635 quoque
1034 2561 1138 2635 postea
1155 2551 1303 2616 Valerium
1319 2556 1392 2617 Pro·

248 2654 317 2716 bum
341 2656 528 2735 paucissimis
549 2656 640 2718 horas
662 2655 910 2736 pbslmeridianas
932 2657 1100 2736 inpendisse
1122 2639 1262 2719 narratur
1285 2655 1332 2738 (de
1353 2655 1394 2718 ill.

246 2777 290 2836 gr.
314 2754 377 2838 24).
431 2757 567 2820 Edidisse
588 2758 707 2838 quidem
731 2758 883 2839 Epirotam
916 2757 959 2820 vel
983 2757 1141 2838 reliquisse
1164 2761 1395 2821 commentarios

247 2859 432 2938 Vergilianus
454 2877 599 2938 nusquam
623 2859 760 2922 traditur.
807 2861 881 2924 Cum
902 2869 1002 2923 autem
1025 2861 1168 2922 Domitius
1184 2861 1392 2922 Marsuseum

247 2962 444 3025 ‘tortellorum
466 2962 646 3025 nutriculam
669 2965 786 3025 vatum’
810 2962 1016 3044 appellaverit,
1045 2965 1144 3025 nescio
1167 2980 1203 3024 au
1226 2962 1281 3022 viri
1304 2963 1405 3054 etiam·

246 3077 353 3144 poetae
378 3067 509 3127 earmina
532 3065 732 3146 praelegendo
756 3065 1009 3129 eonrmendavecit
1031 3063 1214 3144 aequalibus.

778 3302 854 3386 qa.

332 3476 374 3537 lle
397 3477 496 3536 Asinii
508 3475 653 3538 Pollionis
675 3474 781 3536 studiis
803 3475 1003 3553 grammaticis
1025 3481 1094 3553 post
1108 3471 1329 3536 Tlrorbeclrium
1347 3473 1394 3552 (de

250 3578 352 3638 Asinio
376 3577 509 3662 Pollione
531 3597 559 3658 p.
587 3573 648 3638 122
671 3576 746 3657 sqq.)
770 3583 797 3637 et
821 3577 871 3654 qui
894 3576 949 3637 sibi
973 3577 1035 3655 ipse
1057 3575 1236 3642 contradixit
1250 3576 1392 3639 Graeien·

245 3678 365 3740 hanlnm
398 3675 693 3758 (illicientia)
724 3697 818 3759 nuper
847 3680 887 3738 ita
914 3678 1073 3758 disputavit
1094 3677 1303 3760 llllauptius
1331 3677 1391 3739 ind.

244 3781 324 3842 lectt.
355 3790 429 3843 aest.
459 3781 555 3843 Berol.
582 3777 665 3844 1855
686 3801 716 3862 p.
740 3777 763 3842 4
783 3798 845 3859 sq.,
881 3787 914 3841 ut
943 3779 980 3842 de
1002 3777 1118 3842 Catullo
1148 3782 1406 3860 commentarium¹

244 3883 372 3964 aliquem
395 3883 504 3946 abillo
527 3886 638 3945 lactum
667 3883 739 3946 nihil
762 3882 842 3964 quod
863 3883 972 3944 mirum
994 3889 1074 3944 esset
1101 3881 1212 3944 habere
1234 3881 1394 3944 adfirmans
1434 3901 1436 3906 ·

207 3981 209 3986 ’
244 4005 316 4048 uum
339 3986 375 4047 de
398 3986 520 4066 Vergilii
542 3985 673 4048 Aeneide
696 4003 813 4064 quoque
835 3985 916 4047 idem
939 3983 1048 4065 aliquid
1074 3990 1291 4046 commentatus
1314 3995 1395 4046 esset

245 4089 398 4170 disputare
429 4107 463 4150 se
490 4087 570 4151 nolle
599 4089 796 4166 signiticaret:
831 4106 899 4150 nam
928 4086 1078 4148 Theodori
1110 4086 1246 4164 Berglrii,
1281 4088 1331 4166 qui
1363 4087 1392 4146 id

243 4192 355 4252 lactum
378 4209 442 4252 esse
466 4193 584 4270 negavit
606 4190 722 4271 eplrem.
747 4190 824 4251 stud.
848 4191 938 4269 antiq.
965 4185 1048 4250 1845
1069 4207 1100 4268 p.
1124 4185 1193 4259 120,
1217 4190 1392 4268 suspicioni·

247 4273 310 4368 lius¹
327 4294 516 4373 quantumvis
538 4293 700 4371 ingeniosis
722 4294 923 4372 quaestionem
953 4292 1074 4352 minime
1101 4290 1287 4370 profligatam
1316 4309 1390 4352 esse.

244 4395 306 4456 Nec
330 4414 402 4458 sane
425 4413 480 4475 per
504 4414 536 4457 se
559 4397 667 4458 mium
690 4396 778 4466 loret,
802 4397 828 4456 si
850 4405 995 4475 patronus
1016 4392 1086 4454 olim
1111 4393 1306 4456 etfamiliaris
1321 4392 1391 4454 Ver·
