<?xml version="1.0" encoding="UTF-8"?>
<!DOCTYPE html PUBLIC "-//W3C//DTD XHTML 1.0 Transitional//EN"
    "http://www.w3.org/TR/xhtml1/DTD/xhtml1-transitional.dtd">
<html xmlns="http://www.w3.org/1999/xhtml" xml:lang="en" lang="en">
 <head>
  <title>
</title>
<meta http-equiv="Content-Type" content="text/html;charset=utf-8" />
  <meta name='ocr-system' content='tesseract 3.04.00' />
  <meta name='ocr-capabilities' content='ocr_page ocr_carea ocr_par ocr_line ocrx_word'/>
</head>
<body>
  <div class='ocr_page' id='page_1' title='image "./pvergilimaronis01ribbgoog/pvergilimaronis01ribbgoog_0117.png"; bbox 0 0 3038 4912; ppageno 0'>
   <div class='ocr_carea' id='block_1_1' title="bbox 266 323 956 393">
    <p class='ocr_par' dir='ltr' id='par_1_1' title="bbox 266 323 956 393">
     <span class='ocr_line' id='line_1_1' title="bbox 266 323 956 393; baseline 0.006 -7"><span class='ocrx_word' id='word_1_1' title='bbox 266 323 309 387; x_wconf 91' lang='lat'><strong>80</strong></span> <span class='ocrx_word' id='word_1_2' title='bbox 714 349 956 393; x_wconf 80' lang='lat' dir='ltr'><strong>enonuooamrm.</strong></span> 
     </span>
    </p>
   </div>
   <div class='ocr_carea' id='block_1_2' title="bbox 223 512 1458 3970">
    <p class='ocr_par' dir='ltr' id='par_1_2' title="bbox 223 512 1458 1700">
     <span class='ocr_line' id='line_1_2' title="bbox 223 512 1412 596; baseline 0.005 -24"><span class='ocrx_word' id='word_1_3' title='bbox 223 551 226 556; x_wconf 89' lang='lat'>-</span> <span class='ocrx_word' id='word_1_4' title='bbox 266 514 375 573; x_wconf 89' lang='lat' dir='ltr'><strong>merito</strong></span> <span class='ocrx_word' id='word_1_5' title='bbox 402 513 579 592; x_wconf 79' lang='lat' dir='ltr'><strong>vituperavit</strong></span> <span class='ocrx_word' id='word_1_6' title='bbox 606 514 837 596; x_wconf 85' lang='lat' dir='ltr'><strong>Peerlkampns,</strong></span> <span class='ocrx_word' id='word_1_7' title='bbox 867 515 1005 596; x_wconf 86' lang='lat' dir='ltr'><strong>displicet</strong></span> <span class='ocrx_word' id='word_1_8' title='bbox 1032 512 1211 594; x_wconf 80' lang='grc' dir='ltr'><strong><em>κακοζηλία</em></strong></span> <span class='ocrx_word' id='word_1_9' title='bbox 1239 532 1297 594; x_wconf 92' lang='lat' dir='ltr'><strong>qna</strong></span> <span class='ocrx_word' id='word_1_10' title='bbox 1325 524 1412 593; x_wconf 74' lang='lat' dir='ltr'><strong>tergo</strong></span> 
     </span>
     <span class='ocr_line' id='line_1_3' title="bbox 266 614 1410 698; baseline 0.003 -22"><span class='ocrx_word' id='word_1_11' title='bbox 266 617 412 677; x_wconf 83' lang='lat' dir='ltr'><strong>drucclriu</strong></span> <span class='ocrx_word' id='word_1_12' title='bbox 431 615 547 676; x_wconf 91' lang='lat' dir='ltr'><strong>intendi</strong></span> <span class='ocrx_word' id='word_1_13' title='bbox 568 614 727 698; x_wconf 89' lang='lat' dir='ltr'><strong>dicuntur),</strong></span> <span class='ocrx_word' id='word_1_14' title='bbox 750 620 820 679; x_wconf 86' lang='lat' dir='ltr'><strong>itero</strong></span> <span class='ocrx_word' id='word_1_15' title='bbox 844 619 880 680; x_wconf 92' lang='lat' dir='ltr'><strong>de</strong></span> <span class='ocrx_word' id='word_1_16' title='bbox 904 637 928 679; x_wconf 92' lang='lat' dir='ltr'><strong>v.</strong></span> <span class='ocrx_word' id='word_1_17' title='bbox 953 614 1014 678; x_wconf 75' lang='lat'><strong>467</strong></span> <span class='ocrx_word' id='word_1_18' title='bbox 1038 625 1120 678; x_wconf 88' lang='lat' dir='ltr'><strong>reete</strong></span> <span class='ocrx_word' id='word_1_19' title='bbox 1142 616 1288 678; x_wconf 86' lang='lat' dir='ltr'><strong>iudicasse</strong></span> <span class='ocrx_word' id='word_1_20' title='bbox 1310 618 1410 680; x_wconf 85' lang='lat' dir='ltr'><strong>Peerl-</strong></span> 
     </span>
     <span class='ocr_line' id='line_1_4' title="bbox 267 717 1408 806; baseline 0 -26"><span class='ocrx_word' id='word_1_21' title='bbox 267 719 392 798; x_wconf 80' lang='lat' dir='ltr'><strong>lrampns</strong></span> <span class='ocrx_word' id='word_1_22' title='bbox 415 718 540 779; x_wconf 89' lang='lat' dir='ltr'><strong>videtur.</strong></span> <span class='ocrx_word' id='word_1_23' title='bbox 571 717 644 779; x_wconf 91' lang='lat' dir='ltr'><strong>Nam</strong></span> <span class='ocrx_word' id='word_1_24' title='bbox 669 717 904 792; x_wconf 85' lang='lat' dir='ltr'><strong>Selrwenclrium,</strong></span> <span class='ocrx_word' id='word_1_25' title='bbox 929 717 1333 806; x_wconf 75' lang='grc'>0010010011000110285</span> <span class='ocrx_word' id='word_1_26' title='bbox 1357 720 1408 780; x_wconf 92' lang='lat' dir='ltr'><strong>be-</strong></span> 
     </span>
     <span class='ocr_line' id='line_1_5' title="bbox 266 805 1458 898; baseline 0.001 -18"><span class='ocrx_word' id='word_1_27' title='bbox 266 821 447 882; x_wconf 89' lang='lat' dir='ltr'><strong>mistiebium</strong></span> <span class='ocrx_word' id='word_1_28' title='bbox 470 839 584 898; x_wconf 89' lang='lat' dir='ltr'><strong>negans</strong></span> <span class='ocrx_word' id='word_1_29' title='bbox 605 822 658 882; x_wconf 82' lang='lat' dir='ltr'><strong>sub</strong></span> <span class='ocrx_word' id='word_1_30' title='bbox 683 821 775 883; x_wconf 92' lang='lat' dir='ltr'><strong>ubere</strong></span> <span class='ocrx_word' id='word_1_31' title='bbox 797 825 900 885; x_wconf 88' lang='lat' dir='ltr'><strong>matris</strong></span> <span class='ocrx_word' id='word_1_32' title='bbox 922 822 1049 883; x_wconf 87' lang='lat' dir='ltr'><strong>bumana</strong></span> <span class='ocrx_word' id='word_1_33' title='bbox 1067 829 1170 883; x_wconf 89' lang='lat' dir='ltr'><strong>enatos</strong></span> <span class='ocrx_word' id='word_1_34' title='bbox 1187 821 1306 892; x_wconf 87' lang='lat' dir='ltr'><strong>cubare,</strong></span> <span class='ocrx_word' id='word_1_35' title='bbox 1323 841 1411 883; x_wconf 91' lang='lat' dir='ltr'><strong>nemo</strong></span> <span class='ocrx_word' id='word_1_36' title='bbox 1455 805 1458 812; x_wconf 31' lang='lat'>¹</span> 
     </span>
     <span class='ocr_line' id='line_1_6' title="bbox 267 922 1412 1003; baseline 0 -19"><span class='ocrx_word' id='word_1_37' title='bbox 267 930 410 1003; x_wconf 87' lang='lat' dir='ltr'><strong>sequetur</strong></span> <span class='ocrx_word' id='word_1_38' title='bbox 432 925 484 1001; x_wconf 92' lang='lat' dir='ltr'><strong>qui</strong></span> <span class='ocrx_word' id='word_1_39' title='bbox 507 941 646 1002; x_wconf 91' lang='lat' dir='ltr'><strong>umquam</strong></span> <span class='ocrx_word' id='word_1_40' title='bbox 668 922 815 985; x_wconf 89' lang='lat' dir='ltr'><strong>lactentes</strong></span> <span class='ocrx_word' id='word_1_41' title='bbox 838 924 965 986; x_wconf 78' lang='lat' dir='ltr'><strong>infantes</strong></span> <span class='ocrx_word' id='word_1_42' title='bbox 987 924 1102 984; x_wconf 88' lang='lat' dir='ltr'><strong>viderit.</strong></span> <span class='ocrx_word' id='word_1_43' title='bbox 1147 925 1274 984; x_wconf 79' lang='lat' dir='ltr'><strong>Temere</strong></span> <span class='ocrx_word' id='word_1_44' title='bbox 1290 925 1412 986; x_wconf 90' lang='lat' dir='ltr'><strong>Servius</strong></span> 
     </span>
     <span class='ocr_line' id='line_1_7' title="bbox 267 1021 1411 1106; baseline -0.001 -20"><span class='ocrx_word' id='word_1_45' title='bbox 267 1043 387 1106; x_wconf 90' lang='lat' dir='ltr'><strong>quoque</strong></span> <span class='ocrx_word' id='word_1_46' title='bbox 405 1045 429 1086; x_wconf 93' lang='lat' dir='ltr'><strong>v.</strong></span> <span class='ocrx_word' id='word_1_47' title='bbox 445 1021 518 1094; x_wconf 77' lang='lat'><strong>457,</strong></span> <span class='ocrx_word' id='word_1_48' title='bbox 543 1025 629 1086; x_wconf 89' lang='lat' dir='ltr'><strong>euius</strong></span> <span class='ocrx_word' id='word_1_49' title='bbox 650 1043 710 1086; x_wconf 92' lang='lat' dir='ltr'><strong>non</strong></span> <span class='ocrx_word' id='word_1_50' title='bbox 734 1028 826 1087; x_wconf 90' lang='lat' dir='ltr'><strong>sensit</strong></span> <span class='ocrx_word' id='word_1_51' title='bbox 849 1025 1024 1106; x_wconf 81' lang='lat' dir='ltr'><strong>elegantiam</strong></span> <span class='ocrx_word' id='word_1_52' title='bbox 1042 1026 1090 1105; x_wconf 80' lang='lat' dir='ltr'><strong>(ci.</strong></span> <span class='ocrx_word' id='word_1_53' title='bbox 1105 1026 1270 1105; x_wconf 86' lang='lat' dir='ltr'><strong>Wagnerus</strong></span> <span class='ocrx_word' id='word_1_54' title='bbox 1286 1033 1411 1103; x_wconf 78' lang='lat' dir='ltr'><strong>quaesit.</strong></span> 
     </span>
     <span class='ocr_line' id='line_1_8' title="bbox 266 1123 1410 1207; baseline 0.002 -19"><span class='ocrx_word' id='word_1_55' title='bbox 266 1129 354 1206; x_wconf 89' lang='lat' dir='ltr'><strong>Verg.</strong></span> <span class='ocrx_word' id='word_1_56' title='bbox 368 1125 435 1188; x_wconf 83' lang='lat' dir='ltr'><strong>lllil</strong></span> <span class='ocrx_word' id='word_1_57' title='bbox 447 1123 490 1205; x_wconf 88' lang='lat'><strong>8),</strong></span> <span class='ocrx_word' id='word_1_58' title='bbox 514 1128 593 1188; x_wconf 89' lang='lat' dir='ltr'><strong>inter</strong></span> <span class='ocrx_word' id='word_1_59' title='bbox 616 1125 753 1189; x_wconf 76' lang='lat' dir='ltr'><strong>tibicines</strong></span> <span class='ocrx_word' id='word_1_60' title='bbox 767 1128 891 1190; x_wconf 87' lang='lat' dir='ltr'><strong>rettulit.</strong></span> <span class='ocrx_word' id='word_1_61' title='bbox 916 1131 959 1202; x_wconf 63' lang='lat' dir='ltr'><strong>‚At</strong></span> <span class='ocrx_word' id='word_1_62' title='bbox 973 1128 1079 1207; x_wconf 89' lang='lat' dir='ltr'><strong>dignus</strong></span> <span class='ocrx_word' id='word_1_63' title='bbox 1102 1147 1137 1188; x_wconf 91' lang='lat' dir='ltr'><strong>eo</strong></span> <span class='ocrx_word' id='word_1_64' title='bbox 1160 1131 1280 1190; x_wconf 91' lang='lat' dir='ltr'><strong>nomine</strong></span> <span class='ocrx_word' id='word_1_65' title='bbox 1295 1148 1321 1188; x_wconf 90' lang='lat' dir='ltr'><strong>v.</strong></span> <span class='ocrx_word' id='word_1_66' title='bbox 1338 1127 1410 1199; x_wconf 82' lang='grc'>572,</span> 
     </span>
     <span class='ocr_line' id='line_1_9' title="bbox 266 1225 1412 1309; baseline 0 -19"><span class='ocrx_word' id='word_1_67' title='bbox 266 1247 354 1309; x_wconf 91' lang='lat' dir='ltr'><strong>quem</strong></span> <span class='ocrx_word' id='word_1_68' title='bbox 378 1235 447 1308; x_wconf 92' lang='lat' dir='ltr'><strong>post</strong></span> <span class='ocrx_word' id='word_1_69' title='bbox 466 1225 530 1289; x_wconf 89' lang='grc'><strong>538</strong></span> <span class='ocrx_word' id='word_1_70' title='bbox 557 1228 729 1290; x_wconf 88' lang='lat' dir='ltr'><strong>relicturum</strong></span> <span class='ocrx_word' id='word_1_71' title='bbox 758 1231 851 1292; x_wconf 87' lang='lat' dir='ltr'><strong>luisse</strong></span> <span class='ocrx_word' id='word_1_72' title='bbox 872 1229 1034 1309; x_wconf 83' lang='lat' dir='ltr'><strong>Vergilium</strong></span> <span class='ocrx_word' id='word_1_73' title='bbox 1062 1249 1121 1292; x_wconf 94' lang='lat' dir='ltr'><strong>non</strong></span> <span class='ocrx_word' id='word_1_74' title='bbox 1149 1231 1280 1292; x_wconf 87' lang='lat' dir='ltr'><strong>credam.</strong></span> <span class='ocrx_word' id='word_1_75' title='bbox 1331 1230 1412 1292; x_wconf 92' lang='lat' dir='ltr'><strong>ldem</strong></span> 
     </span>
     <span class='ocr_line' id='line_1_10' title="bbox 266 1327 1414 1414; baseline 0 -22"><span class='ocrx_word' id='word_1_76' title='bbox 266 1332 303 1392; x_wconf 88' lang='grc'><strong>00</strong></span> <span class='ocrx_word' id='word_1_77' title='bbox 326 1331 423 1393; x_wconf 89' lang='lat' dir='ltr'><strong>verbis</strong></span> <span class='ocrx_word' id='word_1_78' title='bbox 439 1351 464 1390; x_wconf 94' lang='lat' dir='ltr'><strong>v.</strong></span> <span class='ocrx_word' id='word_1_79' title='bbox 489 1327 551 1392; x_wconf 91' lang='grc'><strong>802</strong></span> <span class='ocrx_word' id='word_1_80' title='bbox 574 1335 622 1392; x_wconf 74' lang='lat' dir='ltr'><strong>‘et</strong></span> <span class='ocrx_word' id='word_1_81' title='bbox 643 1330 757 1393; x_wconf 83' lang='lat' dir='ltr'><strong>rabiem</strong></span> <span class='ocrx_word' id='word_1_82' title='bbox 780 1341 890 1394; x_wconf 89' lang='lat' dir='ltr'><strong>tantam</strong></span> <span class='ocrx_word' id='word_1_83' title='bbox 914 1331 1047 1414; x_wconf 83' lang='lat' dir='ltr'><strong>caelique</strong></span> <span class='ocrx_word' id='word_1_84' title='bbox 1069 1335 1239 1411; x_wconf 87' lang='lat' dir='ltr'><strong>marisque&#39;</strong></span> <span class='ocrx_word' id='word_1_85' title='bbox 1263 1335 1334 1394; x_wconf 88' lang='lat' dir='ltr'><strong>satis</strong></span> <span class='ocrx_word' id='word_1_86' title='bbox 1356 1332 1414 1393; x_wconf 89' lang='lat' dir='ltr'><strong>illis</strong></span> 
     </span>
     <span class='ocr_line' id='line_1_11' title="bbox 266 1433 1411 1515; baseline -0.001 -20"><span class='ocrx_word' id='word_1_87' title='bbox 266 1434 385 1515; x_wconf 90' lang='lat' dir='ltr'><strong>quidem</strong></span> <span class='ocrx_word' id='word_1_88' title='bbox 412 1434 515 1494; x_wconf 90' lang='lat' dir='ltr'><strong>otiosis</strong></span> <span class='ocrx_word' id='word_1_89' title='bbox 542 1433 649 1496; x_wconf 88' lang='lat' dir='ltr'><strong>indico.</strong></span> <span class='ocrx_word' id='word_1_90' title='bbox 699 1434 859 1496; x_wconf 81' lang='lat' dir='ltr'><strong>Abundare</strong></span> <span class='ocrx_word' id='word_1_91' title='bbox 888 1455 913 1495; x_wconf 92' lang='lat' dir='ltr'><strong>v.</strong></span> <span class='ocrx_word' id='word_1_92' title='bbox 936 1433 1001 1496; x_wconf 89' lang='grc'><strong>440</strong></span> <span class='ocrx_word' id='word_1_93' title='bbox 1029 1434 1251 1496; x_wconf 90' lang='lat' dir='ltr'><strong>concedendum</strong></span> <span class='ocrx_word' id='word_1_94' title='bbox 1281 1436 1411 1495; x_wconf 86' lang='lat' dir='ltr'><strong>sortasse</strong></span> 
     </span>
     <span class='ocr_line' id='line_1_12' title="bbox 266 1535 1439 1618; baseline 0 -21"><span class='ocrx_word' id='word_1_95' title='bbox 266 1536 471 1616; x_wconf 78' lang='lat' dir='ltr'><strong>l‘eerllrampo.</strong></span> <span class='ocrx_word' id='word_1_96' title='bbox 527 1536 564 1596; x_wconf 86' lang='lat' dir='ltr'><strong>Et</strong></span> <span class='ocrx_word' id='word_1_97' title='bbox 591 1543 856 1598; x_wconf 85' lang='lat' dir='ltr'><strong>commentatorem</strong></span> <span class='ocrx_word' id='word_1_98' title='bbox 886 1540 980 1618; x_wconf 88' lang='lat' dir='ltr'><strong>magis</strong></span> <span class='ocrx_word' id='word_1_99' title='bbox 1011 1556 1100 1617; x_wconf 91' lang='lat' dir='ltr'><strong>quam</strong></span> <span class='ocrx_word' id='word_1_100' title='bbox 1133 1545 1253 1617; x_wconf 90' lang='lat' dir='ltr'><strong>poetam</strong></span> <span class='ocrx_word' id='word_1_101' title='bbox 1283 1535 1409 1597; x_wconf 78' lang='lat' dir='ltr'><strong>decebat</strong></span> <span class='ocrx_word' id='word_1_102' title='bbox 1436 1595 1439 1608; x_wconf 85' lang='grc'>,</span> 
     </span>
     <span class='ocr_line' id='line_1_13' title="bbox 266 1636 598 1700; baseline 0 -2"><span class='ocrx_word' id='word_1_103' title='bbox 266 1657 368 1700; x_wconf 89' lang='lat' dir='ltr'><strong>versus</strong></span> <span class='ocrx_word' id='word_1_104' title='bbox 390 1636 452 1700; x_wconf 84' lang='lat'><strong>603</strong></span> <span class='ocrx_word' id='word_1_105' title='bbox 475 1636 598 1699; x_wconf 84' lang='lat' dir='ltr'><strong>exilitas.</strong></span> 
     </span>
    </p>

    <p class='ocr_par' dir='ltr' id='par_1_3' title="bbox 265 1739 1416 2436">
     <span class='ocr_line' id='line_1_14' title="bbox 350 1739 1411 1823; baseline -0.001 -22"><span class='ocrx_word' id='word_1_106' title='bbox 350 1741 488 1801; x_wconf 81' lang='lat' dir='ltr'><strong>Severior</strong></span> <span class='ocrx_word' id='word_1_107' title='bbox 510 1741 612 1802; x_wconf 91' lang='lat' dir='ltr'><strong>nescio</strong></span> <span class='ocrx_word' id='word_1_108' title='bbox 627 1742 789 1803; x_wconf 80' lang='lat' dir='ltr'><strong>noluerim</strong></span> <span class='ocrx_word' id='word_1_109' title='bbox 805 1742 885 1820; x_wconf 89' lang='lat' dir='ltr'><strong>quod</strong></span> <span class='ocrx_word' id='word_1_110' title='bbox 902 1761 926 1802; x_wconf 92' lang='lat' dir='ltr'><strong>v.</strong></span> <span class='ocrx_word' id='word_1_111' title='bbox 943 1739 1007 1804; x_wconf 88' lang='grc'><strong>505</strong></span> <span class='ocrx_word' id='word_1_112' title='bbox 1023 1761 1067 1823; x_wconf 93' lang='lat' dir='ltr'><strong>sq.</strong></span> <span class='ocrx_word' id='word_1_113' title='bbox 1091 1743 1227 1803; x_wconf 70' lang='lat' dir='ltr'><strong>‘timuit.</strong></span> <span class='ocrx_word' id='word_1_114' title='bbox 1243 1787 1249 1802; x_wconf 92' lang='lat'><strong>.</strong></span> <span class='ocrx_word' id='word_1_115' title='bbox 1264 1787 1270 1800; x_wconf 91' lang='lat'>.</span> <span class='ocrx_word' id='word_1_116' title='bbox 1284 1739 1411 1821; x_wconf 90' lang='lat' dir='ltr'><strong>plausn&#39;</strong></span> 
     </span>
     <span class='ocr_line' id='line_1_15' title="bbox 267 1841 1412 1923; baseline -0.002 -19"><span class='ocrx_word' id='word_1_117' title='bbox 267 1844 352 1904; x_wconf 89' lang='lat' dir='ltr'><strong>nucis</strong></span> <span class='ocrx_word' id='word_1_118' title='bbox 374 1843 493 1904; x_wconf 89' lang='lat' dir='ltr'><strong>inclusi:</strong></span> <span class='ocrx_word' id='word_1_119' title='bbox 525 1843 577 1904; x_wconf 92' lang='lat' dir='ltr'><strong>sed</strong></span> <span class='ocrx_word' id='word_1_120' title='bbox 605 1841 748 1923; x_wconf 79' lang='lat' dir='ltr'><strong>languere</strong></span> <span class='ocrx_word' id='word_1_121' title='bbox 771 1846 941 1906; x_wconf 87' lang='lat' dir='ltr'><strong>etiamnunc</strong></span> <span class='ocrx_word' id='word_1_122' title='bbox 964 1846 1061 1905; x_wconf 85' lang='lat' dir='ltr'><strong>sentio</strong></span> <span class='ocrx_word' id='word_1_123' title='bbox 1090 1845 1225 1904; x_wconf 79' lang='lat' dir='ltr'><strong>‘omnia&#39;</strong></span> <span class='ocrx_word' id='word_1_124' title='bbox 1255 1841 1327 1904; x_wconf 89' lang='lat' dir='ltr'><strong>illud</strong></span> <span class='ocrx_word' id='word_1_125' title='bbox 1356 1861 1412 1904; x_wconf 89' lang='lat' dir='ltr'><strong>nec</strong></span> 
     </span>
     <span class='ocr_line' id='line_1_16' title="bbox 265 1944 1416 2026; baseline 0.002 -22"><span class='ocrx_word' id='word_1_126' title='bbox 265 1948 295 2005; x_wconf 96' lang='lat' dir='ltr'><strong>in</strong></span> <span class='ocrx_word' id='word_1_127' title='bbox 318 1945 467 2026; x_wconf 90' lang='lat' dir='ltr'><strong>perpolito</strong></span> <span class='ocrx_word' id='word_1_128' title='bbox 494 1953 633 2025; x_wconf 83' lang='lat' dir='ltr'><strong>poemate</strong></span> <span class='ocrx_word' id='word_1_129' title='bbox 660 1954 689 2006; x_wconf 91' lang='lat' dir='ltr'><strong>et</strong></span> <span class='ocrx_word' id='word_1_130' title='bbox 714 1945 764 2007; x_wconf 91' lang='lat' dir='ltr'><strong>bic</strong></span> <span class='ocrx_word' id='word_1_131' title='bbox 790 1966 816 2006; x_wconf 89' lang='lat' dir='ltr'><strong>v.</strong></span> <span class='ocrx_word' id='word_1_132' title='bbox 843 1944 906 2008; x_wconf 87' lang='lat'><strong>506</strong></span> <span class='ocrx_word' id='word_1_133' title='bbox 934 1948 1086 2024; x_wconf 85' lang='lat' dir='ltr'><strong>ingentem</strong></span> <span class='ocrx_word' id='word_1_134' title='bbox 1115 1944 1271 2007; x_wconf 87' lang='lat' dir='ltr'><strong>columbae</strong></span> <span class='ocrx_word' id='word_1_135' title='bbox 1300 1944 1416 2006; x_wconf 89' lang='lat' dir='ltr'><strong>seilicet</strong></span> 
     </span>
     <span class='ocr_line' id='line_1_17' title="bbox 265 2044 1409 2129; baseline -0.001 -22"><span class='ocrx_word' id='word_1_136' title='bbox 265 2047 402 2128; x_wconf 88' lang='lat' dir='ltr'><strong>plausum</strong></span> <span class='ocrx_word' id='word_1_137' title='bbox 430 2055 460 2107; x_wconf 90' lang='lat' dir='ltr'><strong>et</strong></span> <span class='ocrx_word' id='word_1_138' title='bbox 487 2047 576 2127; x_wconf 91' lang='lat' dir='ltr'><strong>paulo</strong></span> <span class='ocrx_word' id='word_1_139' title='bbox 602 2057 672 2127; x_wconf 90' lang='lat' dir='ltr'><strong>post</strong></span> <span class='ocrx_word' id='word_1_140' title='bbox 699 2066 725 2108; x_wconf 94' lang='lat' dir='ltr'><strong>v.</strong></span> <span class='ocrx_word' id='word_1_141' title='bbox 747 2044 810 2110; x_wconf 89' lang='grc'><strong>516</strong></span> <span class='ocrx_word' id='word_1_142' title='bbox 837 2049 891 2111; x_wconf 87' lang='lat' dir='ltr'><strong>alis</strong></span> <span class='ocrx_word' id='word_1_143' title='bbox 912 2049 1102 2129; x_wconf 89' lang='lat' dir='ltr'><strong>plaudentem</strong></span> <span class='ocrx_word' id='word_1_144' title='bbox 1131 2048 1256 2109; x_wconf 87' lang='lat' dir='ltr'><strong>eandem</strong></span> <span class='ocrx_word' id='word_1_145' title='bbox 1279 2047 1409 2109; x_wconf 90' lang='grc'>0110000-</span> 
     </span>
     <span class='ocr_line' id='line_1_18' title="bbox 266 2145 1413 2230; baseline -0.003 -18"><span class='ocrx_word' id='word_1_146' title='bbox 266 2169 375 2212; x_wconf 91' lang='lat' dir='ltr'><strong>remus.</strong></span> <span class='ocrx_word' id='word_1_147' title='bbox 426 2153 521 2229; x_wconf 76' lang='lat' dir='ltr'><strong>ltqne</strong></span> <span class='ocrx_word' id='word_1_148' title='bbox 550 2149 660 2228; x_wconf 88' lang='lat' dir='ltr'><strong>aliquid</strong></span> <span class='ocrx_word' id='word_1_149' title='bbox 687 2151 845 2230; x_wconf 90' lang='lat' dir='ltr'><strong>inporleeti</strong></span> <span class='ocrx_word' id='word_1_150' title='bbox 873 2150 917 2210; x_wconf 91' lang='lat' dir='ltr'><strong>vel</strong></span> <span class='ocrx_word' id='word_1_151' title='bbox 940 2153 971 2211; x_wconf 90' lang='lat' dir='ltr'><strong>in</strong></span> <span class='ocrx_word' id='word_1_152' title='bbox 1005 2158 1154 2212; x_wconf 89' lang='lat' dir='ltr'><strong>structura</strong></span> <span class='ocrx_word' id='word_1_153' title='bbox 1189 2167 1328 2211; x_wconf 89' lang='lat' dir='ltr'><strong>versuum</strong></span> <span class='ocrx_word' id='word_1_154' title='bbox 1350 2145 1413 2209; x_wconf 87' lang='grc'><strong>513</strong></span> 
     </span>
     <span class='ocr_line' id='line_1_19' title="bbox 265 2248 1414 2334; baseline -0.002 -20"><span class='ocrx_word' id='word_1_155' title='bbox 265 2250 371 2314; x_wconf 82' lang='grc'>-516</span> <span class='ocrx_word' id='word_1_156' title='bbox 384 2251 592 2314; x_wconf 88' lang='lat' dir='ltr'><strong>animadvertit</strong></span> <span class='ocrx_word' id='word_1_157' title='bbox 602 2251 782 2331; x_wconf 85' lang='lat' dir='ltr'><strong>Wagnerus,</strong></span> <span class='ocrx_word' id='word_1_158' title='bbox 800 2272 888 2334; x_wconf 91' lang='lat' dir='ltr'><strong>qnam</strong></span> <span class='ocrx_word' id='word_1_159' title='bbox 903 2271 1008 2334; x_wconf 90' lang='lat' dir='ltr'><strong>parum</strong></span> <span class='ocrx_word' id='word_1_160' title='bbox 1023 2252 1171 2333; x_wconf 89' lang='lat' dir='ltr'><strong>probabili</strong></span> <span class='ocrx_word' id='word_1_161' title='bbox 1186 2254 1301 2312; x_wconf 92' lang='lat' dir='ltr'><strong>ratione</strong></span> <span class='ocrx_word' id='word_1_162' title='bbox 1312 2248 1414 2312; x_wconf 89' lang='lat' dir='ltr'><strong>Peerl-</strong></span> 
     </span>
     <span class='ocr_line' id='line_1_20' title="bbox 268 2350 1413 2436; baseline -0.003 -20"><span class='ocrx_word' id='word_1_163' title='bbox 268 2355 393 2436; x_wconf 87' lang='lat' dir='ltr'><strong>kampns</strong></span> <span class='ocrx_word' id='word_1_164' title='bbox 421 2356 519 2435; x_wconf 90' lang='lat' dir='ltr'><strong>posito</strong></span> <span class='ocrx_word' id='word_1_165' title='bbox 542 2373 568 2414; x_wconf 92' lang='lat' dir='ltr'><strong>v.</strong></span> <span class='ocrx_word' id='word_1_166' title='bbox 591 2350 654 2416; x_wconf 83' lang='lat'><strong>513</strong></span> <span class='ocrx_word' id='word_1_167' title='bbox 682 2359 746 2416; x_wconf 76' lang='lat' dir='ltr'><strong>‘at&#39;</strong></span> <span class='ocrx_word' id='word_1_168' title='bbox 777 2363 806 2416; x_wconf 93' lang='lat' dir='ltr'><strong>et</strong></span> <span class='ocrx_word' id='word_1_169' title='bbox 827 2352 890 2417; x_wconf 91' lang='grc'><strong>515</strong></span> <span class='ocrx_word' id='word_1_170' title='bbox 918 2359 1017 2416; x_wconf 85' lang='lat' dir='ltr'><strong>‘tum&#39;</strong></span> <span class='ocrx_word' id='word_1_171' title='bbox 1046 2356 1261 2416; x_wconf 89' lang='lat' dir='ltr'><strong>reconcinnarc</strong></span> <span class='ocrx_word' id='word_1_172' title='bbox 1290 2353 1413 2415; x_wconf 87' lang='lat' dir='ltr'><strong>studuit.</strong></span> 
     </span>
    </p>

    <p class='ocr_par' dir='ltr' id='par_1_4' title="bbox 267 2453 1419 3663">
     <span class='ocr_line' id='line_1_21' title="bbox 357 2453 1417 2538; baseline -0.002 -20"><span class='ocrx_word' id='word_1_173' title='bbox 357 2458 512 2518; x_wconf 86' lang='lat' dir='ltr'><strong>Deiectum</strong></span> <span class='ocrx_word' id='word_1_174' title='bbox 546 2458 688 2519; x_wconf 90' lang='lat' dir='ltr'><strong>orationis</strong></span> <span class='ocrx_word' id='word_1_175' title='bbox 721 2459 834 2536; x_wconf 90' lang='lat' dir='ltr'><strong>signavi</strong></span> <span class='ocrx_word' id='word_1_176' title='bbox 866 2464 935 2538; x_wconf 91' lang='lat' dir='ltr'><strong>post</strong></span> <span class='ocrx_word' id='word_1_177' title='bbox 956 2477 983 2517; x_wconf 92' lang='lat' dir='ltr'><strong>v.</strong></span> <span class='ocrx_word' id='word_1_178' title='bbox 1007 2453 1083 2518; x_wconf 86' lang='grc' dir='ltr'><strong>29οτ</strong></span> <span class='ocrx_word' id='word_1_179' title='bbox 1123 2475 1221 2536; x_wconf 90' lang='lat' dir='ltr'><strong>neque</strong></span> <span class='ocrx_word' id='word_1_180' title='bbox 1254 2459 1332 2517; x_wconf 91' lang='lat' dir='ltr'><strong>enim</strong></span> <span class='ocrx_word' id='word_1_181' title='bbox 1366 2464 1417 2516; x_wconf 90' lang='lat' dir='ltr'><strong>ant</strong></span> 
     </span>
     <span class='ocr_line' id='line_1_22' title="bbox 270 2557 1418 2639; baseline -0.002 -20"><span class='ocrx_word' id='word_1_182' title='bbox 270 2561 469 2620; x_wconf 73' lang='lat' dir='ltr'><strong>‘consessus&#39;</strong></span> <span class='ocrx_word' id='word_1_183' title='bbox 504 2578 560 2639; x_wconf 92' lang='lat' dir='ltr'><strong>pro</strong></span> <span class='ocrx_word' id='word_1_184' title='bbox 588 2559 659 2621; x_wconf 90' lang='lat' dir='ltr'><strong>sede</strong></span> <span class='ocrx_word' id='word_1_185' title='bbox 687 2568 738 2621; x_wconf 91' lang='lat' dir='ltr'><strong>ant</strong></span> <span class='ocrx_word' id='word_1_186' title='bbox 771 2562 977 2621; x_wconf 76' lang='lat' dir='ltr'><strong>‘extructum&#39;</strong></span> <span class='ocrx_word' id='word_1_187' title='bbox 1009 2579 1066 2639; x_wconf 93' lang='lat' dir='ltr'><strong>pro</strong></span> <span class='ocrx_word' id='word_1_188' title='bbox 1102 2566 1238 2621; x_wconf 83' lang='lat' dir='ltr'><strong>extructo</strong></span> <span class='ocrx_word' id='word_1_189' title='bbox 1266 2565 1332 2619; x_wconf 92' lang='lat' dir='ltr'><strong>toro</strong></span> <span class='ocrx_word' id='word_1_190' title='bbox 1360 2557 1418 2618; x_wconf 89' lang='lat' dir='ltr'><strong>dici</strong></span> 
     </span>
     <span class='ocr_line' id='line_1_23' title="bbox 269 2655 1417 2742; baseline -0.002 -20"><span class='ocrx_word' id='word_1_191' title='bbox 269 2681 359 2742; x_wconf 92' lang='lat' dir='ltr'><strong>posse</strong></span> <span class='ocrx_word' id='word_1_192' title='bbox 380 2670 464 2741; x_wconf 89' lang='lat' dir='ltr'><strong>puto.</strong></span> <span class='ocrx_word' id='word_1_193' title='bbox 516 2661 578 2723; x_wconf 90' lang='lat' dir='ltr'><strong>Nee</strong></span> <span class='ocrx_word' id='word_1_194' title='bbox 607 2671 704 2740; x_wconf 90' lang='lat' dir='ltr'><strong>potest</strong></span> <span class='ocrx_word' id='word_1_195' title='bbox 726 2663 841 2740; x_wconf 89' lang='lat' dir='ltr'><strong>integra</strong></span> <span class='ocrx_word' id='word_1_196' title='bbox 864 2661 968 2724; x_wconf 92' lang='lat' dir='ltr'><strong>baberi</strong></span> <span class='ocrx_word' id='word_1_197' title='bbox 991 2663 1137 2723; x_wconf 88' lang='lat' dir='ltr'><strong>sententia</strong></span> <span class='ocrx_word' id='word_1_198' title='bbox 1160 2655 1331 2723; x_wconf 83' lang='grc'>822-824</span> <span class='ocrx_word' id='word_1_199' title='bbox 1352 2679 1417 2720; x_wconf 90' lang='lat' dir='ltr'><strong>ver·</strong></span> 
     </span>
     <span class='ocr_line' id='line_1_24' title="bbox 268 2763 1418 2845; baseline -0.002 -21"><span class='ocrx_word' id='word_1_200' title='bbox 268 2783 374 2826; x_wconf 87' lang='lat' dir='ltr'><strong>suom:</strong></span> <span class='ocrx_word' id='word_1_201' title='bbox 400 2765 485 2825; x_wconf 88' lang='lat' dir='ltr'><strong>deest</strong></span> <span class='ocrx_word' id='word_1_202' title='bbox 507 2772 537 2824; x_wconf 93' lang='grc'><strong>01</strong></span> <span class='ocrx_word' id='word_1_203' title='bbox 557 2764 681 2825; x_wconf 87' lang='lat' dir='ltr'><strong>verbum</strong></span> <span class='ocrx_word' id='word_1_204' title='bbox 705 2764 784 2842; x_wconf 92' lang='lat' dir='ltr'><strong>quod</strong></span> <span class='ocrx_word' id='word_1_205' title='bbox 808 2783 843 2824; x_wconf 83' lang='lat' dir='ltr'><strong>er</strong></span> <span class='ocrx_word' id='word_1_206' title='bbox 867 2765 971 2826; x_wconf 90' lang='lat' dir='ltr'><strong>vicinis</strong></span> <span class='ocrx_word' id='word_1_207' title='bbox 994 2763 1128 2845; x_wconf 90' lang='lat' dir='ltr'><strong>suppleri</strong></span> <span class='ocrx_word' id='word_1_208' title='bbox 1151 2765 1254 2842; x_wconf 90' lang='lat' dir='ltr'><strong>nequit</strong></span> <span class='ocrx_word' id='word_1_209' title='bbox 1276 2771 1305 2824; x_wconf 92' lang='grc'><strong>01</strong></span> <span class='ocrx_word' id='word_1_210' title='bbox 1320 2763 1418 2824; x_wconf 83' lang='lat' dir='ltr'><strong>dextri</strong></span> 
     </span>
     <span class='ocr_line' id='line_1_25' title="bbox 267 2865 1416 2950; baseline 0 -25"><span class='ocrx_word' id='word_1_211' title='bbox 267 2865 369 2927; x_wconf 90' lang='lat' dir='ltr'><strong>lateris</strong></span> <span class='ocrx_word' id='word_1_212' title='bbox 386 2867 571 2944; x_wconf 82' lang='lat' dir='ltr'><strong>significatio,</strong></span> <span class='ocrx_word' id='word_1_213' title='bbox 595 2869 644 2927; x_wconf 87' lang='lat' dir='ltr'><strong>cni</strong></span> <span class='ocrx_word' id='word_1_214' title='bbox 664 2867 746 2928; x_wconf 93' lang='lat' dir='ltr'><strong>laeva</strong></span> <span class='ocrx_word' id='word_1_215' title='bbox 770 2885 875 2927; x_wconf 90' lang='lat' dir='ltr'><strong>manus</strong></span> <span class='ocrx_word' id='word_1_216' title='bbox 898 2885 913 2926; x_wconf 89' lang='lat' dir='ltr'><strong>a</strong></span> <span class='ocrx_word' id='word_1_217' title='bbox 937 2865 1077 2950; x_wconf 89' lang='lat' dir='ltr'><strong>muliebri</strong></span> <span class='ocrx_word' id='word_1_218' title='bbox 1099 2866 1192 2928; x_wconf 93' lang='lat' dir='ltr'><strong>cboro</strong></span> <span class='ocrx_word' id='word_1_219' title='bbox 1207 2873 1347 2946; x_wconf 86' lang='lat' dir='ltr'><strong>occupata</strong></span> <span class='ocrx_word' id='word_1_220' title='bbox 1364 2884 1416 2944; x_wconf 93' lang='lat' dir='ltr'><strong>op-</strong></span> 
     </span>
     <span class='ocr_line' id='line_1_26' title="bbox 273 2965 1418 3049; baseline 0 -22"><span class='ocrx_word' id='word_1_221' title='bbox 273 2971 394 3048; x_wconf 89' lang='lat' dir='ltr'><strong>ponitur</strong></span> <span class='ocrx_word' id='word_1_222' title='bbox 418 2989 443 3030; x_wconf 93' lang='lat' dir='ltr'><strong>v.</strong></span> <span class='ocrx_word' id='word_1_223' title='bbox 467 2965 540 3030; x_wconf 89' lang='grc'>825.</span> <span class='ocrx_word' id='word_1_224' title='bbox 596 2968 658 3031; x_wconf 89' lang='lat' dir='ltr'><strong>Nec</strong></span> <span class='ocrx_word' id='word_1_225' title='bbox 691 2968 796 3031; x_wconf 87' lang='lat' dir='ltr'><strong>ielellit</strong></span> <span class='ocrx_word' id='word_1_226' title='bbox 824 2971 930 3049; x_wconf 93' lang='lat' dir='ltr'><strong>opinor</strong></span> <span class='ocrx_word' id='word_1_227' title='bbox 958 2968 1185 3049; x_wconf 84' lang='lat' dir='ltr'><strong>Peerlkampum</strong></span> <span class='ocrx_word' id='word_1_228' title='bbox 1214 2973 1334 3036; x_wconf 74' lang='lat' dir='ltr'><strong>sensus,</strong></span> <span class='ocrx_word' id='word_1_229' title='bbox 1367 2971 1418 3045; x_wconf 91' lang='lat' dir='ltr'><strong>qui</strong></span> 
     </span>
     <span class='ocr_line' id='line_1_27' title="bbox 267 3069 1417 3152; baseline -0.003 -21"><span class='ocrx_word' id='word_1_230' title='bbox 267 3089 372 3150; x_wconf 87' lang='lat' dir='ltr'><strong>preces</strong></span> <span class='ocrx_word' id='word_1_231' title='bbox 402 3073 520 3132; x_wconf 81' lang='lat' dir='ltr'><strong>Aeneae</strong></span> <span class='ocrx_word' id='word_1_232' title='bbox 554 3089 580 3130; x_wconf 91' lang='lat' dir='ltr'><strong>v.</strong></span> <span class='ocrx_word' id='word_1_233' title='bbox 605 3069 645 3133; x_wconf 88' lang='lat'><strong>83</strong></span> <span class='ocrx_word' id='word_1_234' title='bbox 680 3071 817 3152; x_wconf 91' lang='lat' dir='ltr'><strong>abrumpi</strong></span> <span class='ocrx_word' id='word_1_235' title='bbox 848 3073 941 3150; x_wconf 90' lang='lat' dir='ltr'><strong>magis</strong></span> <span class='ocrx_word' id='word_1_236' title='bbox 975 3089 1063 3149; x_wconf 92' lang='lat' dir='ltr'><strong>quam</strong></span> <span class='ocrx_word' id='word_1_237' title='bbox 1097 3073 1173 3133; x_wconf 79' lang='lat' dir='ltr'><strong>finiri</strong></span> <span class='ocrx_word' id='word_1_238' title='bbox 1206 3072 1330 3131; x_wconf 85' lang='lat' dir='ltr'><strong>miratus</strong></span> <span class='ocrx_word' id='word_1_239' title='bbox 1363 3078 1417 3130; x_wconf 88' lang='lat' dir='ltr'><strong>ost.</strong></span> 
     </span>
     <span class='ocr_line' id='line_1_28' title="bbox 271 3169 1419 3253; baseline -0.004 -18"><span class='ocrx_word' id='word_1_240' title='bbox 271 3174 344 3236; x_wconf 90' lang='lat' dir='ltr'><strong>Nam</strong></span> <span class='ocrx_word' id='word_1_241' title='bbox 369 3175 508 3234; x_wconf 83' lang='lat' dir='ltr'><strong>sulficere</strong></span> <span class='ocrx_word' id='word_1_242' title='bbox 531 3174 658 3235; x_wconf 84' lang='lat' dir='ltr'><strong>sortasse</strong></span> <span class='ocrx_word' id='word_1_243' title='bbox 681 3181 819 3253; x_wconf 91' lang='lat' dir='ltr'><strong>poterant</strong></span> <span class='ocrx_word' id='word_1_244' title='bbox 841 3173 900 3236; x_wconf 93' lang='lat' dir='ltr'><strong>duo</strong></span> <span class='ocrx_word' id='word_1_245' title='bbox 922 3192 1027 3235; x_wconf 91' lang='lat' dir='ltr'><strong>versus</strong></span> <span class='ocrx_word' id='word_1_246' title='bbox 1049 3169 1092 3234; x_wconf 88' lang='grc'><strong>80</strong></span> <span class='ocrx_word' id='word_1_247' title='bbox 1112 3193 1156 3253; x_wconf 88' lang='lat' dir='ltr'><strong>sq.</strong></span> <span class='ocrx_word' id='word_1_248' title='bbox 1206 3173 1264 3233; x_wconf 88' lang='lat' dir='ltr'><strong>Sed</strong></span> <span class='ocrx_word' id='word_1_249' title='bbox 1293 3171 1339 3232; x_wconf 86' lang='lat' dir='ltr'><strong>bis</strong></span> <span class='ocrx_word' id='word_1_250' title='bbox 1367 3173 1419 3248; x_wconf 93' lang='lat' dir='ltr'><strong>qui</strong></span> 
     </span>
     <span class='ocr_line' id='line_1_29' title="bbox 271 3274 1419 3354; baseline -0.002 -19"><span class='ocrx_word' id='word_1_251' title='bbox 271 3275 383 3336; x_wconf 89' lang='lat' dir='ltr'><strong>addidit</strong></span> <span class='ocrx_word' id='word_1_252' title='bbox 406 3279 483 3337; x_wconf 72' lang='lat' dir='ltr'><strong>‘non</strong></span> <span class='ocrx_word' id='word_1_253' title='bbox 507 3274 591 3336; x_wconf 88' lang='lat' dir='ltr'><strong>licuit</strong></span> <span class='ocrx_word' id='word_1_254' title='bbox 613 3276 679 3336; x_wconf 84' lang='lat' dir='ltr'><strong>bnis</strong></span> <span class='ocrx_word' id='word_1_255' title='bbox 702 3274 791 3337; x_wconf 90' lang='lat' dir='ltr'><strong>Italos</strong></span> <span class='ocrx_word' id='word_1_256' title='bbox 816 3323 822 3335; x_wconf 90' lang='lat'><strong>.</strong></span> <span class='ocrx_word' id='word_1_257' title='bbox 848 3323 854 3335; x_wconf 87' lang='lat'>.</span> <span class='ocrx_word' id='word_1_258' title='bbox 879 3295 934 3336; x_wconf 91' lang='lat' dir='ltr'><strong>nee</strong></span> <span class='ocrx_word' id='word_1_259' title='bbox 957 3283 1054 3337; x_wconf 87' lang='lat' dir='ltr'><strong>tecnnr</strong></span> <span class='ocrx_word' id='word_1_260' title='bbox 1077 3277 1240 3336; x_wconf 78' lang='lat' dir='ltr'><strong>Ausonium</strong></span> <span class='ocrx_word' id='word_1_261' title='bbox 1265 3321 1272 3336; x_wconf 92' lang='lat'><strong>.</strong></span> <span class='ocrx_word' id='word_1_262' title='bbox 1297 3321 1304 3334; x_wconf 92' lang='lat'><strong>.</strong></span> <span class='ocrx_word' id='word_1_263' title='bbox 1329 3293 1419 3354; x_wconf 89' lang='lat' dir='ltr'><strong>quae·</strong></span> 
     </span>
     <span class='ocr_line' id='line_1_30' title="bbox 272 3376 1416 3464; baseline -0.002 -25"><span class='ocrx_word' id='word_1_264' title='bbox 272 3397 340 3439; x_wconf 90' lang='lat' dir='ltr'><strong>rere</strong></span> <span class='ocrx_word' id='word_1_265' title='bbox 372 3378 550 3457; x_wconf 80' lang='lat' dir='ltr'><strong>Thybrim&#39;,</strong></span> <span class='ocrx_word' id='word_1_266' title='bbox 585 3397 651 3438; x_wconf 80' lang='lat' dir='ltr'><strong>euna</strong></span> <span class='ocrx_word' id='word_1_267' title='bbox 686 3387 769 3440; x_wconf 89' lang='lat' dir='ltr'><strong>certe</strong></span> <span class='ocrx_word' id='word_1_268' title='bbox 805 3387 978 3464; x_wconf 83' lang='lat' dir='ltr'><strong>expectares</strong></span> <span class='ocrx_word' id='word_1_269' title='bbox 1011 3380 1128 3458; x_wconf 88' lang='lat' dir='ltr'><strong>precari</strong></span> <span class='ocrx_word' id='word_1_270' title='bbox 1157 3385 1189 3438; x_wconf 90' lang='lat' dir='ltr'><strong>ut</strong></span> <span class='ocrx_word' id='word_1_271' title='bbox 1222 3395 1275 3438; x_wconf 91' lang='lat' dir='ltr'><strong>suo</strong></span> <span class='ocrx_word' id='word_1_272' title='bbox 1310 3376 1416 3437; x_wconf 90' lang='lat' dir='ltr'><strong>saltem</strong></span> 
     </span>
     <span class='ocr_line' id='line_1_31' title="bbox 269 3478 1419 3562; baseline -0.001 -23"><span class='ocrx_word' id='word_1_273' title='bbox 269 3481 396 3558; x_wconf 89' lang='lat' dir='ltr'><strong>augurio</strong></span> <span class='ocrx_word' id='word_1_274' title='bbox 418 3497 564 3560; x_wconf 90' lang='lat' dir='ltr'><strong>praesens</strong></span> <span class='ocrx_word' id='word_1_275' title='bbox 586 3482 705 3558; x_wconf 91' lang='lat' dir='ltr'><strong>genitor</strong></span> <span class='ocrx_word' id='word_1_276' title='bbox 727 3499 796 3542; x_wconf 90' lang='lat' dir='ltr'><strong>snos</strong></span> <span class='ocrx_word' id='word_1_277' title='bbox 819 3488 1061 3562; x_wconf 86' lang='lat' dir='ltr'><strong>prosequeretur.</strong></span> <span class='ocrx_word' id='word_1_278' title='bbox 1095 3480 1157 3541; x_wconf 92' lang='lat' dir='ltr'><strong>Nec</strong></span> <span class='ocrx_word' id='word_1_279' title='bbox 1172 3487 1237 3540; x_wconf 88' lang='lat' dir='ltr'><strong>erat</strong></span> <span class='ocrx_word' id='word_1_280' title='bbox 1252 3498 1306 3540; x_wconf 91' lang='lat' dir='ltr'><strong>cur</strong></span> <span class='ocrx_word' id='word_1_281' title='bbox 1321 3478 1419 3540; x_wconf 90' lang='lat' dir='ltr'><strong>subito</strong></span> 
     </span>
     <span class='ocr_line' id='line_1_32' title="bbox 269 3581 972 3663; baseline 0.003 -21"><span class='ocrx_word' id='word_1_282' title='bbox 269 3583 375 3659; x_wconf 89' lang='lat' dir='ltr'><strong>anguis</strong></span> <span class='ocrx_word' id='word_1_283' title='bbox 398 3582 460 3642; x_wconf 90' lang='lat' dir='ltr'><strong>visu</strong></span> <span class='ocrx_word' id='word_1_284' title='bbox 485 3581 553 3642; x_wconf 91' lang='lat' dir='ltr'><strong>talis</strong></span> <span class='ocrx_word' id='word_1_285' title='bbox 575 3584 670 3643; x_wconf 90' lang='lat' dir='ltr'><strong>oratio</strong></span> <span class='ocrx_word' id='word_1_286' title='bbox 693 3585 972 3663; x_wconf 89' lang='lat' dir='ltr'><strong>interrumperetur.</strong></span> 
     </span>
    </p>

    <p class='ocr_par' dir='ltr' id='par_1_5' title="bbox 273 3681 1422 3970">
     <span class='ocr_line' id='line_1_33' title="bbox 357 3681 1422 3766; baseline 0.002 -24"><span class='ocrx_word' id='word_1_287' title='bbox 357 3682 481 3745; x_wconf 88' lang='lat' dir='ltr'><strong>Veteres</strong></span> <span class='ocrx_word' id='word_1_288' title='bbox 511 3686 570 3746; x_wconf 88' lang='lat' dir='ltr'><strong>iarn</strong></span> <span class='ocrx_word' id='word_1_289' title='bbox 606 3685 854 3747; x_wconf 88' lang='lat' dir='ltr'><strong>desideraverunt</strong></span> <span class='ocrx_word' id='word_1_290' title='bbox 886 3695 953 3766; x_wconf 88' lang='lat' dir='ltr'><strong>post</strong></span> <span class='ocrx_word' id='word_1_291' title='bbox 974 3703 999 3744; x_wconf 88' lang='lat' dir='ltr'><strong>v.</strong></span> <span class='ocrx_word' id='word_1_292' title='bbox 1021 3681 1084 3746; x_wconf 84' lang='lat'><strong>569</strong></span> <span class='ocrx_word' id='word_1_293' title='bbox 1113 3687 1180 3765; x_wconf 89' lang='lat' dir='ltr'><strong>eqni</strong></span> <span class='ocrx_word' id='word_1_294' title='bbox 1207 3685 1238 3744; x_wconf 94' lang='lat' dir='ltr'><strong>in</strong></span> <span class='ocrx_word' id='word_1_295' title='bbox 1270 3701 1329 3761; x_wconf 93' lang='lat' dir='ltr'><strong>quo</strong></span> <span class='ocrx_word' id='word_1_296' title='bbox 1352 3685 1422 3763; x_wconf 74' lang='lat' dir='ltr'><strong>Alps</strong></span> 
     </span>
     <span class='ocr_line' id='line_1_34' title="bbox 273 3785 1420 3868; baseline -0.001 -21"><span class='ocrx_word' id='word_1_297' title='bbox 273 3805 349 3867; x_wconf 89' lang='lat' dir='ltr'><strong>puer</strong></span> <span class='ocrx_word' id='word_1_298' title='bbox 370 3787 505 3848; x_wconf 90' lang='lat' dir='ltr'><strong>invectos</strong></span> <span class='ocrx_word' id='word_1_299' title='bbox 528 3794 605 3848; x_wconf 86' lang='lat' dir='ltr'><strong>esset</strong></span> <span class='ocrx_word' id='word_1_300' title='bbox 627 3787 874 3868; x_wconf 88' lang='lat' dir='ltr'><strong>descriptionem:</strong></span> <span class='ocrx_word' id='word_1_301' title='bbox 899 3796 988 3868; x_wconf 91' lang='lat' dir='ltr'><strong>atque</strong></span> <span class='ocrx_word' id='word_1_302' title='bbox 1003 3787 1134 3848; x_wconf 88' lang='lat' dir='ltr'><strong>haesisse</strong></span> <span class='ocrx_word' id='word_1_303' title='bbox 1149 3787 1207 3848; x_wconf 92' lang='lat' dir='ltr'><strong>boc</strong></span> <span class='ocrx_word' id='word_1_304' title='bbox 1223 3785 1288 3847; x_wconf 90' lang='lat' dir='ltr'><strong>loco</strong></span> <span class='ocrx_word' id='word_1_305' title='bbox 1302 3795 1420 3866; x_wconf 91' lang='lat' dir='ltr'><strong>poetam</strong></span> 
     </span>
     <span class='ocr_line' id='line_1_35' title="bbox 276 3885 1422 3970; baseline 0.001 -24"><span class='ocrx_word' id='word_1_306' title='bbox 276 3888 322 3950; x_wconf 92' lang='lat' dir='ltr'><strong>vel</strong></span> <span class='ocrx_word' id='word_1_307' title='bbox 347 3907 372 3950; x_wconf 90' lang='lat' dir='ltr'><strong>v.</strong></span> <span class='ocrx_word' id='word_1_308' title='bbox 397 3885 463 3950; x_wconf 79' lang='grc'><strong>512</strong></span> <span class='ocrx_word' id='word_1_309' title='bbox 486 3889 583 3958; x_wconf 87' lang='lat' dir='ltr'><strong>docet,</strong></span> <span class='ocrx_word' id='word_1_310' title='bbox 607 3907 693 3967; x_wconf 89' lang='lat' dir='ltr'><strong>quem</strong></span> <span class='ocrx_word' id='word_1_311' title='bbox 719 3890 847 3952; x_wconf 90' lang='lat' dir='ltr'><strong>tibicinis</strong></span> <span class='ocrx_word' id='word_1_312' title='bbox 870 3889 936 3950; x_wconf 89' lang='lat' dir='ltr'><strong>loco</strong></span> <span class='ocrx_word' id='word_1_313' title='bbox 958 3890 1088 3970; x_wconf 90' lang='lat' dir='ltr'><strong>positum</strong></span> <span class='ocrx_word' id='word_1_314' title='bbox 1111 3908 1177 3951; x_wconf 86' lang='lat' dir='ltr'><strong>esse</strong></span> <span class='ocrx_word' id='word_1_315' title='bbox 1198 3907 1286 3967; x_wconf 89' lang='lat' dir='ltr'><strong>snpra</strong></span> <span class='ocrx_word' id='word_1_316' title='bbox 1309 3889 1422 3950; x_wconf 91' lang='lat' dir='ltr'><strong>monui.</strong></span> 
     </span>
    </p>
   </div>
   <div class='ocr_carea' id='block_1_3' title="bbox 268 3987 1423 4482">
    <p class='ocr_par' dir='ltr' id='par_1_6' title="bbox 268 3987 1423 4482">
     <span class='ocr_line' id='line_1_36' title="bbox 363 3987 1421 4073; baseline -0.001 -21"><span class='ocrx_word' id='word_1_317' title='bbox 363 3992 495 4072; x_wconf 81' lang='lat' dir='ltr'><strong>lienique</strong></span> <span class='ocrx_word' id='word_1_318' title='bbox 518 3991 656 4073; x_wconf 86' lang='lat' dir='ltr'><strong>displicet</strong></span> <span class='ocrx_word' id='word_1_319' title='bbox 677 3992 750 4053; x_wconf 93' lang='lat' dir='ltr'><strong>mihi</strong></span> <span class='ocrx_word' id='word_1_320' title='bbox 779 4009 899 4071; x_wconf 90' lang='lat' dir='ltr'><strong>quoque</strong></span> <span class='ocrx_word' id='word_1_321' title='bbox 929 3995 1075 4073; x_wconf 83' lang='lat' dir='ltr'><strong>‘praepes</strong></span> <span class='ocrx_word' id='word_1_322' title='bbox 1102 3992 1138 4052; x_wconf 87' lang='lat' dir='ltr'><strong>ab</strong></span> <span class='ocrx_word' id='word_1_323' title='bbox 1161 3992 1238 4052; x_wconf 81' lang='lat' dir='ltr'><strong>lda&#39;</strong></span> <span class='ocrx_word' id='word_1_324' title='bbox 1263 3987 1344 4072; x_wconf 77' lang='grc'>1254)</span> <span class='ocrx_word' id='word_1_325' title='bbox 1374 4010 1421 4051; x_wconf 89' lang='lat' dir='ltr'><strong>ra·</strong></span> 
     </span>
     <span class='ocr_line' id='line_1_37' title="bbox 269 4091 1423 4174; baseline 0 -20"><span class='ocrx_word' id='word_1_326' title='bbox 269 4096 356 4174; x_wconf 89' lang='lat' dir='ltr'><strong>piens</strong></span> <span class='ocrx_word' id='word_1_327' title='bbox 379 4093 476 4173; x_wconf 91' lang='lat' dir='ltr'><strong>aquila</strong></span> <span class='ocrx_word' id='word_1_328' title='bbox 492 4093 685 4174; x_wconf 69' lang='lat' dir='ltr'><strong>Ganymeden</strong></span> <span class='ocrx_word' id='word_1_329' title='bbox 709 4096 868 4156; x_wconf 74' lang='lat' dir='ltr'><strong>‘lrondosa</strong></span> <span class='ocrx_word' id='word_1_330' title='bbox 883 4095 950 4155; x_wconf 91' lang='lat' dir='ltr'><strong>lda&#39;</strong></span> <span class='ocrx_word' id='word_1_331' title='bbox 976 4091 1057 4174; x_wconf 73' lang='grc'>(2521</span> <span class='ocrx_word' id='word_1_332' title='bbox 1082 4103 1246 4155; x_wconf 90' lang='lat' dir='ltr'><strong>venantem.</strong></span> <span class='ocrx_word' id='word_1_333' title='bbox 1277 4093 1350 4154; x_wconf 88' lang='lat' dir='ltr'><strong>Nam</strong></span> <span class='ocrx_word' id='word_1_334' title='bbox 1368 4112 1423 4154; x_wconf 89' lang='lat' dir='ltr'><strong>nee</strong></span> 
     </span>
     <span class='ocr_line' id='line_1_38' title="bbox 269 4195 1422 4277; baseline 0.002 -21"><span class='ocrx_word' id='word_1_335' title='bbox 269 4199 299 4257; x_wconf 90' lang='lat' dir='ltr'><strong>in</strong></span> <span class='ocrx_word' id='word_1_336' title='bbox 322 4197 451 4277; x_wconf 89' lang='lat' dir='ltr'><strong>repetito</strong></span> <span class='ocrx_word' id='word_1_337' title='bbox 475 4197 594 4258; x_wconf 90' lang='lat' dir='ltr'><strong>nomine</strong></span> <span class='ocrx_word' id='word_1_338' title='bbox 624 4199 667 4256; x_wconf 90' lang='lat' dir='ltr'><strong>vis</strong></span> <span class='ocrx_word' id='word_1_339' title='bbox 696 4196 756 4258; x_wconf 89' lang='lat' dir='ltr'><strong>ulla</strong></span> <span class='ocrx_word' id='word_1_340' title='bbox 782 4216 838 4257; x_wconf 90' lang='lat' dir='ltr'><strong>nec</strong></span> <span class='ocrx_word' id='word_1_341' title='bbox 861 4196 921 4257; x_wconf 88' lang='lat' dir='ltr'><strong>ullo</strong></span> <span class='ocrx_word' id='word_1_342' title='bbox 944 4197 1033 4259; x_wconf 93' lang='lat' dir='ltr'><strong>modo</strong></span> <span class='ocrx_word' id='word_1_343' title='bbox 1055 4197 1206 4276; x_wconf 89' lang='lat' dir='ltr'><strong>provisum</strong></span> <span class='ocrx_word' id='word_1_344' title='bbox 1236 4205 1268 4257; x_wconf 88' lang='grc'><strong>01</strong></span> <span class='ocrx_word' id='word_1_345' title='bbox 1297 4195 1422 4258; x_wconf 90' lang='lat' dir='ltr'><strong>eandem</strong></span> 
     </span>
     <span class='ocr_line' id='line_1_39' title="bbox 268 4297 1423 4377; baseline -0.001 -17"><span class='ocrx_word' id='word_1_346' title='bbox 268 4299 351 4360; x_wconf 90' lang='lat' dir='ltr'><strong>ldam</strong></span> <span class='ocrx_word' id='word_1_347' title='bbox 374 4298 422 4360; x_wconf 80' lang='lat' dir='ltr'><strong>laic</strong></span> <span class='ocrx_word' id='word_1_348' title='bbox 445 4298 586 4368; x_wconf 88' lang='lat' dir='ltr'><strong>culmina,</strong></span> <span class='ocrx_word' id='word_1_349' title='bbox 608 4298 669 4359; x_wconf 90' lang='lat' dir='ltr'><strong>illie</strong></span> <span class='ocrx_word' id='word_1_350' title='bbox 692 4298 837 4361; x_wconf 91' lang='lat' dir='ltr'><strong>convallia</strong></span> <span class='ocrx_word' id='word_1_351' title='bbox 865 4302 975 4360; x_wconf 88' lang='lat' dir='ltr'><strong>montis</strong></span> <span class='ocrx_word' id='word_1_352' title='bbox 990 4298 1240 4377; x_wconf 78' lang='lat' dir='ltr'><strong>intellegeremus</strong></span> <span class='ocrx_word' id='word_1_353' title='bbox 1276 4297 1333 4358; x_wconf 93' lang='lat' dir='ltr'><strong>Sed</strong></span> <span class='ocrx_word' id='word_1_354' title='bbox 1358 4317 1423 4359; x_wconf 87' lang='lat' dir='ltr'><strong>rec-</strong></span> 
     </span>
     <span class='ocr_line' id='line_1_40' title="bbox 269 4399 1421 4482; baseline 0 -20"><span class='ocrx_word' id='word_1_355' title='bbox 269 4403 328 4464; x_wconf 91' lang='lat' dir='ltr'><strong>tius</strong></span> <span class='ocrx_word' id='word_1_356' title='bbox 351 4404 476 4462; x_wconf 84' lang='lat' dir='ltr'><strong>tortasse</strong></span> <span class='ocrx_word' id='word_1_357' title='bbox 498 4403 549 4480; x_wconf 92' lang='lat' dir='ltr'><strong>qui</strong></span> <span class='ocrx_word' id='word_1_358' title='bbox 571 4399 724 4463; x_wconf 89' lang='lat' dir='ltr'><strong>librarium</strong></span> <span class='ocrx_word' id='word_1_359' title='bbox 747 4403 804 4473; x_wconf 90' lang='lat' dir='ltr'><strong>lric,</strong></span> <span class='ocrx_word' id='word_1_360' title='bbox 829 4421 886 4462; x_wconf 89' lang='lat' dir='ltr'><strong>non</strong></span> <span class='ocrx_word' id='word_1_361' title='bbox 909 4411 1026 4482; x_wconf 89' lang='lat' dir='ltr'><strong>poetam</strong></span> <span class='ocrx_word' id='word_1_362' title='bbox 1058 4403 1228 4481; x_wconf 85' lang='lat' dir='ltr'><strong>peccavisse</strong></span> <span class='ocrx_word' id='word_1_363' title='bbox 1244 4407 1421 4464; x_wconf 89' lang='lat' dir='ltr'><strong>statuerunt.</strong></span> 
     </span>
    </p>
   </div>
   <div class='ocr_carea' id='block_1_4' title="bbox 0 0 1527 4912">
    <p class='ocr_par' dir='ltr' id='par_1_7' title="bbox 0 0 1527 4912">
     <span class='ocr_line' id='line_1_41' title="bbox 0 0 1527 4912; baseline 0 0"><span class='ocrx_word' id='word_1_364' title='bbox 0 0 1527 4912; x_wconf 95' lang='lat' dir='ltr'><strong> </strong></span> 
     </span>
    </p>
   </div>
  </div>
 </body>
</html>
