3038 4912
572 377 821 420 raoneuonerm.
1228 350 1270 414 85
1342 392 1345 400 ·

121 541 259 606 Debebat
292 541 446 623 splendida
483 545 566 604 ducis
595 547 749 606 exornatio
782 543 823 604 ibi
856 545 1044 623 potissimum
1078 544 1185 611 inseri,
1219 541 1269 601 nbi

120 649 227 707 ‘.stans
250 645 327 708 celsa
350 646 379 708 in
401 647 514 726 puppi’
539 655 568 706 et
591 645 666 707 elato
688 645 785 726 clipeo
807 645 924 707 ardenti
947 644 1056 706 laetum
1072 644 1199 705 adventu
1215 661 1269 704 suo

122 748 359 818 Dardanidarurn
382 746 542 809 clamorem
567 751 696 810 excitare
719 749 827 808 dicitur
850 745 921 829 (261
946 753 1031 827 sqq).
1084 748 1192 808 Contra
1215 747 1269 807 vni·

122 853 271 912 rationem
300 850 396 911 Turni
424 849 460 910 de
490 851 746 930 adpropinquante
774 850 869 912 classe
900 845 1088 931 (aot-269)
1117 845 1269 928 aptissime

121 951 306 1031 sequebatur
328 971 353 1012 v.
377 947 441 1013 276
462 969 522 1030 sq,
552 951 690 1013 tidncianr
718 960 816 1014 tammr
845 969 906 1012 non
935 953 962 1011 ei
992 952 1118 1012 cessisse
1141 970 1166 1010 e.
1192 967 1220 1028 q.
1244 969 1267 1012 s.

121 1054 184 1116 Sed
207 1056 346 1134 quoniam
369 1053 542 1133 simpliciter
565 1055 720 1134 transponi
743 1053 817 1115 haec
839 1047 899 1114 non
922 1061 1064 1134 possunt,
1090 1071 1149 1114 non
1172 1051 1269 1113 absol·

113 1155 201 1219 'visse
223 1156 319 1217 locum
344 1155 519 1218 statuendus
541 1157 599 1217 erit
619 1165 715 1235 poeta.

207 1259 328 1322 blancos
349 1262 381 1320 in
403 1261 560 1320 undecimo
581 1257 658 1320 libro
681 1258 756 1319 duos
779 1265 893 1319 tantum
908 1255 1069 1319 versiculos
1084 1253 1147 1319 375
1163 1264 1192 1317 et
1206 1253 1266 1318 391

119 1361 257 1442 reliquit,
287 1381 414 1443 quorum
437 1362 515 1422 huvrc
537 1361 596 1421 iarn
618 1361 738 1440 antiquo
763 1367 896 1440 tempore
924 1361 1019 1420 luisse
1048 1361 1099 1440 qui
1127 1357 1267 1439 supplere

120 1467 325 1533 instituerent,
340 1465 403 1543 lpse
415 1462 566 1524 llcdieeus
577 1461 653 1522 liber
666 1460 801 1542 exemplo
815 1468 867 1522 est.
898 1461 963 1523 Non
977 1462 1081 1523 clausit
1091 1463 1267 1529 sententiam

119 1587 145 1626 v.
161 1564 212 1634 87,
236 1565 392 1643 querellas,
417 1567 448 1626 ni
463 1565 563 1633 fallor,
587 1566 704 1628 docetis
720 1564 880 1625 additurus.
911 1565 1082 1625 Sententiae
1097 1566 1190 1644 ‘quae
1205 1563 1267 1624 sola

120 1665 261 1729 Camillae
273 1670 392 1748 quicum
405 1669 510 1746 partiri
521 1669 625 1728 curas’
640 1663 721 1750 (822)
735 1673 915 1728 structuram
931 1666 1085 1727 crederem
1101 1665 1266 1728 absolutam
1304 1654 1305 1658 ¹

119 1789 198 1840 esse,
221 1771 247 1832 si
269 1769 395 1831 absoluti
418 1770 555 1830 intinitivi
576 1770 606 1828 in
630 1770 781 1829 enuntiato
798 1767 921 1830 relativo
944 1786 1032 1830 usum
1050 1767 1267 1830 consuetudine

121 1873 251 1933 viderem
264 1873 433 1932 conilrmari
445 1873 696 1951 (cl.Wagneriqu.
706 1871 793 1948 Verg.
802 1869 900 1950 XXX).
924 1871 1003 1950 Ergo
1013 1871 1092 1932 lrunc
1105 1870 1267 1951 quoquede

120 1972 261 2034 Camillae
285 1983 313 2034 et
335 1977 429 2035 Aecae
454 1975 579 2034 amicitia
603 1971 700 2033 locum
724 1971 858 2042 uberius,
881 1973 1008 2034 tortasse
1031 1972 1068 2032 ad
1084 1973 1171 2035 llnnii
1187 1975 1265 2054 (ano.

120 2073 194 2154 239)
218 2076 386 2155 excerptum
417 2095 563 2137 exornare
591 2075 718 2136 voluisse
741 2072 902 2152 Vergilium
930 2076 1094 2136 statuerim.
1143 2076 1267 2136 Monstri

121 2179 226 2245 instar,
257 2177 336 2256 quod
350 2195 448 2256 'aegre
471 2177 543 2238 mihi
566 2176 732 2256 persuadeo
754 2175 853 2256 ipsum
876 2174 1064 2255 probavisse,
1093 2176 1265 2256 longissima

119 2297 176 2359 per
203 2279 397 2359 parenthesin
426 2281 506 2340 inter
534 2277 643 2339 Dianae
672 2281 838 2340 orationem
874 2279 981 2340 iniecta
1010 2287 1116 2358 poetae
1145 2279 1182 2340 de
1211 2280 1265 2340 Ca·

122 2379 221 2442 millae
243 2382 366 2443 infantia
382 2381 512 2443 narratio
528 2376 727 2460 (eat-584).
747 2379 826 2442 Naro
846 2388 927 2442 errat
949 2399 1130 2460 magnopere
1146 2381 1266 2444 Servius

121 2501 191 2543 cam
214 2485 332 2554 ceteris,
363 2485 413 2561 qui
434 2485 529 2562 ipsam
554 2481 640 2542 deam
663 2482 736 2544 haec
759 2499 877 2564 qnoque
900 2482 1001 2544 dicere
1024 2485 1156 2545 animum
1179 2484 1263 2545 indu·

123 2594 245 2646 xerunt·
288 2585 385 2647 Pauca
407 2584 482 2646 laiso
505 2584 570 2645 loco
593 2586 718 2645 inserta:
742 2582 806 2646 264
821 2603 865 2664 sq.
891 2594 921 2648 et
942 2587 1070 2648 tortasse
1085 2583 1264 2656 tue-472,

121 2689 243 2766 quaesi
266 2696 333 2767 post
355 2705 380 2747 v.
404 2683 467 2748 476
496 2686 542 2746 vel
568 2688 668 2765 potius
689 2683 754 2748 485
782 2695 1031 2768 transponuntur,
1061 2689 1167 2751 melius
1194 2709 1263 2750 con-

121 2791 285 2866 iunguntur
307 2806 383 2867 quae
406 2787 496 2849 rebus
518 2790 597 2849 inter
619 2807 651 2849 se
674 2795 742 2868 apta
764 2796 846 2850 sunt:
875 2799 908 2851 ut
930 2799 1087 2870 postquam
1110 2794 1140 2852 in
1162 2811 1265 2853 muros

121 2890 291 2952 discurrere
314 2891 462 2971 (armatos,
486 2900 567 2969 puto,
592 2892 634 2951 ut
648 2889 776 2970 desuper
799 2891 968 2972 defendant)
993 2891 1119 2971 legimus
1142 2914 1167 2955 v.
1190 2891 1262 2964 468,

113 2992 170 3054 'alii
191 3001 294 3073 portas
317 2994 435 3054 munire
459 2989 540 3073 (473)
565 2999 594 3052 et
615 2994 694 3054 inter
716 2991 840 3054 bucinae
864 3002 983 3055 cantum
1006 2991 1088 3074 (474)
1111 3004 1264 3057 matronae

120 3113 240 3176 quoque
262 3097 410 3176 puerique
434 3093 536 3156 ultimo
560 3092 654 3155 labori
677 3111 744 3154 sese
767 3093 929 3173 adiungere
954 3092 1026 3174 (475
1041 3097 1095 3176 sq.)
1119 3098 1261 3158 terantur.

120 3198 187 3278 lpsa
216 3217 307 3278 porro
335 3199 437 3276 regivra
466 3215 535 3258 curn
562 3205 689 3257 matrum
719 3194 810 3257 choro
841 3205 870 3257 et
892 3196 1011 3259 Lavinia
1033 3197 1160 3259 Palladis
1189 3207 1261 3268 tem-

120 3297 204 3379 plum
220 3299 359 3379 adgressa
375 3307 516 3380 precatur
532 3295 729 3378 (477-485),
754 3297 835 3360 solus
857 3317 911 3361 rex
933 3299 1055 3362 Latinus
1078 3303 1167 3362 misso
1182 3304 1263 3362 onrni

120 3399 245 3462 consilio
268 3400 340 3461 nibil
364 3403 423 3479 agit
447 3397 645 3480 (teu-472),
669 3403 751 3462 cuius
773 3403 898 3463 inertiae
922 3403 1031 3484 optime
1054 3405 1213 3483 opponitur
1235 3423 1260 3464 v.

118 3499 182 3564 486
197 3520 261 3583 sqq.
285 3503 380 3564 'lurni
403 3502 518 3562 fiducia.
551 3503 734 3582 Quamquam
750 3519 854 3566 verum
877 3507 973 3567 estin
997 3504 1095 3566 verbis
1118 3505 1261 3584 quaedam

121 3606 221 3664 inesse
244 3623 318 3684 quae
341 3603 410 3665 lvuic
433 3603 530 3666 ordini
553 3605 755 3666 adversentur.
802 3609 842 3668 Ac
865 3605 1001 3688 displicet
1023 3609 1159 3686 inprimis
1174 3607 1261 3686 paulo
1329 3689 1331 3692 Ι

120 3718 187 3786 post
209 3725 234 3766 v.
257 3703 321 3767 469
343 3706 517 3767 ‘consilium
541 3710 605 3784 ipsc
626 3701 728 3786 pater’
753 3709 842 3770 verba
864 3712 1025 3788 repetitum
1049 3729 1073 3770 v.
1097 3707 1160 3772 486
1184 3708 1260 3772 nrdla

120 3809 147 3868 vi
169 3809 248 3869 idern
271 3825 438 3888 pronomen
460 3809 490 3870 in
513 3808 572 3870 his:
603 3812 749 3888 ‘cingitur
777 3813 842 3887 ipsc
868 3813 1000 3872 lurens’.
1052 3812 1197 3874 Nimirum
1224 3833 1261 3874 ne

120 3910 200 3970 lrnnc
223 3911 342 3988 quidem
365 3911 464 3973 locum
486 3913 557 3972 satis
579 3911 744 3974 absolverat
771 3918 869 3992 poeta.

203 4012 417 4092 Loquaciorem
430 4033 495 4075 esse
508 4014 603 4075 sentio
620 4013 694 4075 locis
712 4012 861 4074 nonnullis
873 4017 1007 4076 naeniam
1015 4005 1156 4087 Euandri,
1173 4035 1261 4096 quam

118 4114 218 4175 neseio
230 4134 266 4176 an
279 4113 407 4176 laceram
419 4124 449 4176 et
459 4117 655 4196 inperfectam
666 4111 829 4196 reliquerit.
846 4115 1123 4196 Ollcndorprimum
1135 4121 1165 4179 in
1179 4139 1259 4199 nrag·
1280 4125 1281 4128 ’

117 4217 166 4276 nis
179 4216 345 4297 Phrygibus
358 4236 383 4279 v.
399 4215 460 4281 170
475 4217 638 4299 appellatis.
664 4218 831 4280 Honoritice
844 4219 963 4290 Tevrcri,
976 4219 1097 4280 Troiani
1110 4221 1258 4293 dicuntur,

114 4321 310 4398 ¹contemptim
323 4319 359 4382 ab
368 4315 653 4400 inimicistrvges.'
668 4323 777 4383 Poetae
787 4324 882 4384 nostri
895 4340 998 4382 vereor
1009 4341 1048 4384 ne
1059 4324 1090 4382 in
1103 4321 1159 4383 lroc
1172 4343 1260 4387 versu

117 4417 180 4481 sola
198 4422 258 4483 sint
280 4422 384 4503 ‘qoam
399 4425 467 4503 pius
481 4425 622 4485 deneas'.
645 4424 739 4487 Porro
761 4443 787 4485 v.
807 4422 867 4486 171
885 4427 978 4487 irater
994 4443 1153 4508 germanus
1172 4433 1216 4488 est
1232 4447 1257 4489 v.
