3038 4912
726 369 972 412 PROIAEGOMENA.

362 537 435 599 ltem
459 536 665 608 audacissime,
690 541 780 599 immo
803 546 917 600 temere
940 546 970 599 et
992 540 1132 600 lerociter
1149 539 1251 602 Varius
1275 549 1304 601 ct
1326 541 1425 602 'lucca

277 657 342 701 rem
368 641 507 718 egissent,
533 642 557 700 si
581 659 684 702 verum
709 647 787 702 esset
810 639 888 720 quod
908 641 1029 702 Seruius
1045 641 1188 710 adli'rmat,
1212 641 1358 703 obleuisse
1375 661 1426 703 eos

277 741 322 802 vel
350 740 505 804 sustulisse
534 759 636 804 versus
663 744 766 821 viginti
794 737 887 805 unum
910 742 936 803 ll
957 739 1134 812 eet-588,
1164 733 1278 804 scilicet
1306 746 1372 823 quia
1397 753 1426 804 ct

278 845 420 905 contrarii
447 852 549 905 esseut
577 846 620 905 eis
648 863 723 924 quae
747 845 788 906 .Vl
809 840 871 906 511
896 861 961 923 sqq.
991 845 1028 906 de
1051 843 1161 906 Helena
1191 845 1365 916 traduntur,
1396 855 1426 906 ct
1490 861 1491 866 ’

277 949 383 1024 ‘turpe
406 947 468 1006 viro
491 947 560 1007 lorti
584 955 661 1007 esset
684 953 787 1008 contra
810 948 951 1007 feminam
973 947 1089 1008 irasci’.
1126 945 1199 1008 Nam
1223 956 1348 1027 propter
1365 957 1424 1009 tam

277 1047 390 1109 futtiles
412 1065 515 1109 causas
538 1047 717 1110 detruncare
739 1045 925 1128 splendidam
956 1049 1108 1129 ceteroqui
1137 1051 1356 1120 narrationem,
1386 1052 1425 1111 ita

277 1145 376 1211 autem
400 1147 594 1220 detmncare,
618 1150 787 1231 etreliqua
810 1168 848 1210 ne
871 1149 1052 1212 cohaereant
1075 1151 1195 1228 quidem
1217 1153 1296 1211 inter
1318 1171 1351 1212 se
1375 1162 1425 1214 aut

278 1252 349 1312 satis
370 1257 452 1312 reete
476 1252 591 1331 possint
617 1251 766 1332 intellegi,
796 1252 853 1314 boc
883 1259 948 1314 erat
974 1250 1090 1314 urendo
1120 1261 1149 1312 et
1178 1252 1306 1314 secando
1335 1262 1423 1332 atque

278 1351 352 1413 adeo
374 1354 502 1414 iurando
525 1354 695 1434 despoliare
723 1371 797 1434 opus
824 1353 1029 1432 praeclarum,
1059 1373 1118 1415 non
1151 1361 1182 1414 ut
1212 1356 1277 1432 pios
1305 1365 1334 1415 et
1363 1356 1422 1416 ele·

278 1462 383 1533 gentes
413 1455 548 1517 homiues
576 1454 701 1519 decebat
734 1455 833 1518 edere.
886 1459 930 1517 An
959 1455 1075 1535 reliqua
1109 1456 1180 1516 satis
1208 1455 1315 1525 multa,
1346 1475 1422 1535 cquae

277 1558 386 1637 partim
409 1558 573 1638 vituperata
596 1576 661 1619 esse
684 1577 700 1618 a
723 1547 845 1619 criticis
856 1557 983 1636 legimus
997 1560 1028 1618 in
1045 1559 1267 1619 commentariis
1282 1560 1422 1636 antiquis,

279 1678 333 1721 suo
356 1658 422 1720 loco
446 1659 532 1720 nobis
554 1677 673 1739 quoque
689 1658 907 1740 perlustranda,
931 1661 1039 1738 partim
1060 1662 1116 1739 ipsi
1132 1677 1222 1738 supra
1244 1662 1421 1730 notavimus,

278 1762 319 1822 ita
342 1762 483 1839 sugerunt
505 1780 628 1822 acumen
651 1762 805 1850 hominnm
830 1760 1111 1832 eruditissimorum,
1142 1769 1175 1823 ut
1195 1763 1305 1823 ceteris
1327 1764 1423 1822 omni·

280 1862 334 1923 bars
358 1861 430 1924 locis
453 1865 537 1942 quasi
565 1865 752 1934 conicerent,
785 1864 842 1928 boc
870 1862 934 1926 solo
964 1866 993 1924 in
1024 1862 1185 1926 leviuscule
1213 1864 1422 1926 dormitantem

278 1973 397 2044 proetam
419 1967 589 2026 saevissime
612 1965 907 2028 animadvertendum
938 1985 1004 2027 esse
1032 1965 1089 2027 sibi
1118 1965 1281 2027 ducerent?
1330 1969 1371 2027 dc
1399 1969 1422 2027 si

278 2066 371 2128 semel
394 2067 602 2146 corrigendum
626 2067 677 2129 tali
699 2069 819 2130 licentia
840 2075 958 2147 poetam
982 2067 1039 2129 sibi
1054 2070 1262 2148 sumpsissent,
1287 2088 1340 2130 cur·
1358 2076 1421 2128 tau·

279 2169 346 2230 dem
370 2171 413 2231 eis
434 2177 644 2250 pepercerunt,
669 2190 745 2251 quae
767 2172 885 2232 omissis
908 2190 951 2232 vv.
973 2166 1142 2232 567-588
1165 2171 1246 2230 omni
1268 2189 1347 2232 nexu
1371 2172 1422 2232 de·

279 2273 379 2332 stituta
403 2278 501 2339 erant,
532 2279 582 2333 aut
605 2273 708 2350 quidni
730 2275 855 2334 resectis
884 2275 973 2334 etiam
997 2291 1040 2334 vv.
1062 2267 1233 2334 589-623
1262 2273 1423 2334 contimrati

220 2416 223 2424 -
279 2372 382 2434 saltem
405 2373 445 2434 lili
468 2377 648 2436 narrationis
670 2375 787 2436 laudem
810 2377 1043 2455 praeripuerunt
1065 2371 1280 2454 Peerlkampoi

364 2474 465 2556 ltaque
489 2477 567 2536 Varii
590 2485 619 2537 et
641 2477 759 2538 Tuscae
781 2477 838 2538 lide
860 2495 895 2538 ac
917 2477 1076 2556 prudentia
1098 2475 1250 2554 indignam
1281 2495 1347 2537 esse
1376 2497 1424 2538 ra·

281 2577 410 2646 tionem,
445 2576 525 2658 quali
547 2597 617 2639 usos
640 2599 707 2640 esse
730 2579 852 2666 Seruius
873 2586 990 2650 narrat,
1026 2580 1049 2641 si
1072 2563 1249 2658 persuasum
1272 2577 1424 2649 babemus,

280 2679 349 2758 quid
373 2667 516 2740 iaciemus
540 2680 675 2744 versibus
696 2667 778 2752 XX1,
809 2683 860 2762 qui
886 2685 917 2743 in
941 2683 1059 2762 optimis
1082 2681 1247 2761 quibusque
1271 2675 1424 2743 codicibus

280 2783 391 2842 nostris
414 2777 523 2843 desunt'
543 2803 599 2844 nec
620 2801 744 2861 usquam
768 2791 818 2844 aut
840 2803 856 2845 a
879 2785 1079 2862 grammaticis
1109 2791 1160 2845 aut
1182 2783 1219 2844 ab
1242 2783 1307 2846 aliis
1328 2786 1423 2863 scrip·

193 2891 211 2910 ‘
281 2883 397 2946 toribus
420 2883 595 2948 laudantur?
638 2885 712 2968 Nam
736 2885 813 2964 quod
836 2889 867 2947 in
883 2884 1063 2948 Dorvilliano
1087 2893 1116 2948 et
1138 2889 1169 2948 in
1185 2885 1328 2947 Gothanis
1351 2905 1423 2966 pan-

280 2987 381 3066 cisque
403 2986 468 3048 aliis
490 2989 705 3049 recentissimis
726 2987 813 3049 libris
839 2987 993 3068 leguntur,
1023 3008 1110 3049 nemo
1139 2989 1255 3069 peritus
1286 3007 1345 3050 non
1377 2989 1422 3047 in·

281 3087 415 3168 telleget,
440 3107 475 3150 ex
497 3090 564 3170 ipso
586 3090 681 3152 Servii
705 3091 919 3151 commentario
949 3109 1000 3150 eos
1022 3109 1037 3150 a
1061 3089 1190 3152 librariis
1213 3089 1272 3150 buc
1294 3092 1424 3150 insertos

233 3217 237 3226 ’
281 3211 356 3252 esse.
402 3190 526 3271 Triplici
547 3192 636 3253 modo
659 3191 696 3253 de
719 3194 857 3270 autiquae
880 3193 1041 3253 memoriae
1064 3209 1211 3253 consensu
1227 3193 1316 3254 statui
1336 3189 1440 3271 posse

281 3293 412 3354 videtur:
445 3303 511 3363 aut,
542 3293 619 3374 quod
642 3292 756 3376 lleynio
779 3297 809 3356 in
832 3304 961 3355 mentem
984 3295 1078 3362 creuit,
1113 3292 1236 3373 abipso
1259 3292 1424 3380 ppeta'lms

282 3413 386 3455 versus
409 3405 573 3474 expunetos
596 3415 677 3467 esse,
712 3406 763 3459 aut
791 3416 851 3458 non
878 3403 998 3476 praesto
1026 3396 1120 3457 luisse
1150 3397 1253 3456 amicis
1275 3397 1424 3474 integrum

280 3493 420 3557 Aeneidis
443 3497 610 3576 exemplar,
633 3501 782 3560 inventam
804 3506 908 3578 postea
931 3496 1101 3560 schedulam
1124 3516 1200 3578 quae
1223 3498 1352 3559 carmina
1375 3495 1424 3557 illa

282 3599 466 3668 contineret,
501 3608 552 3660 ant
585 3599 698 3661 editum
727 3602 838 3680 optima
866 3600 924 3662 lule
952 3602 1079 3662 aVario
1108 3608 1137 3661 et
1158 3600 1258 3662 'lucca
1281 3598 1423 3679 quidquid

282 3699 445 3780 reliquerat
468 3702 589 3772 amicus,
614 3703 665 3764 sed
688 3700 823 3764 lacunam
848 3703 1034 3764 manifestam
1058 3701 1241 3782 supplevisse
1264 3699 1353 3763 alium
1374 3703 1425 3780 qui

282 3805 344 3865 suis
366 3804 495 3864 inventis
517 3801 605 3866 fidem
630 3807 888 3867 etauctoritatem
911 3823 1018 3885 parare
1041 3805 1194 3866 mendacio
1224 3809 1348 3864 coriatus
1375 3805 1423 3864 sit.

282 3905 325 3966 Ex
349 3905 456 3986 quibus
478 3910 607 3988 primum
631 3909 677 3968 vix
700 3909 794 3986 magis
817 3908 976 3969 satisfaciet
999 3925 1085 3988 quam
1102 3907 1196 3968 Servii
1218 3905 1330 3967 sabula:
1352 3897 1424 3965 'nam

284 4026 342 4069 nec
364 4007 563 4089 intellegitur,
598 4028 651 4070 eur
674 4008 729 4070 bos
752 4017 864 4070 tantum
888 4027 991 4070 versus
1013 4027 1068 4070 nec
1090 4008 1158 4089 plus
1180 4009 1351 4069 autminus
1375 4025 1425 4068 ex·

283 4113 422 4190 punxerit
445 4110 600 4190 Vergilius,
625 4129 681 4172 nec
703 4108 857 4191 probabile
880 4129 948 4171 eum
970 4111 1049 4172 hunc
1072 4110 1168 4172 solnm
1190 4110 1288 4171 locum
1312 4117 1424 4171 retrac-

283 4213 406 4274 tandum
429 4213 567 4276 secundis
590 4215 671 4276 curis
694 4213 895 4281 destinavisse,
926 4231 982 4274 nec
1004 4233 1106 4274 verum
1136 4212 1265 4274 editores
1289 4212 1426 4272 oudsisso

284 4315 429 4394 quidquid
451 4334 511 4376 non
535 4313 571 4375 ab
594 4316 659 4394 ipso
682 4322 769 4394 pocta
798 4316 963 4394 perlectum
991 4316 1098 4376 luerat.
1149 4315 1210 4376 Nec
1237 4314 1331 4392 magis
1359 4331 1424 4374 crc-

284 4416 374 4478 dibile
397 4416 538 4486 alterum,
568 4415 612 4476 vel
636 4425 767 4478 servatas
790 4437 805 4479 a
828 4425 915 4498 pocta
944 4415 989 4480 uel
1012 4417 1134 4482 traditas
1164 4417 1266 4478 amicis
1289 4424 1319 4476 et
1342 4433 1423 4476 corrr-
