2956 4906
233 321 304 388 204.
486 383 489 392 ,
677 345 920 387 rnounconnnn
972 346 978 354 “

229 514 354 577 randum
377 521 430 582 est,
456 513 565 574 nedum
588 513 618 572 in
643 513 758 582 ceteris,
783 529 861 590 quae
877 511 997 582 addunt,
1022 511 1095 574 tides
1110 512 1256 575 habenda.
1291 509 1376 570 Sole-

229 615 301 676 bant
324 617 403 676 enim
425 615 578 676 notissima
601 616 732 676 carmina
755 615 836 682 lere,
860 622 893 675 ut
914 617 1056 676 memoria
1081 615 1276 682 tenebantur,
1311 611 1376 672 lau-

229 718 301 778 dari.
347 719 538 778 Grammatici
561 735 646 786 vero,
671 716 780 794 qulbus
801 735 855 777 uos
878 718 1003 786 utimur,
1034 735 1101 777 cum
1127 717 1270 796 pleraque
1293 733 1375 775 eom·

229 818 385 899 pilaverint
406 837 441 879 ex
466 821 554 880 uariis
575 820 773 898 antiquiorum
803 821 1040 889 commentariis,
1074 819 1181 896 quibus
1208 825 1308 879 tamen
1336 834 1373 875 ex

228 922 290 982 suis
313 922 406 1000 copiis
435 919 579 1001 quaedam
607 920 751 981 adderent
779 924 845 996 (nec
874 923 1032 1000 quisquam
1061 929 1118 982 tam
1147 921 1285 981 indoctus
1315 917 1374 978 sibi

227 1022 395 1092 videbatur,
430 1025 499 1100 quin
530 1041 565 1082 ex
588 1022 716 1099 Vergilio
746 1023 914 1102 exemplum
942 1022 1062 1084 adlerre
1090 1021 1229 1100 iuuaret),
1267 1039 1305 1081 no
1334 1019 1373 1079 de

228 1133 349 1186 auctore
373 1124 490 1204 quidem
514 1125 752 1186 testimoniorum
776 1143 895 1205 semper
918 1133 1041 1186 constat.
1087 1122 1273 1204 Deniqueid
1297 1141 1370 1202 quo-

227 1245 286 1306 que
308 1227 423 1294 accidit,
449 1227 534 1288 utin
556 1227 629 1306 ipsis
651 1227 757 1288 borum
780 1234 937 1288 auctorum
960 1223 1180 1306 exemplaribus
1202 1225 1370 1305 Vergiliana

228 1330 415 1408 potissimum
438 1327 526 1389 verba
550 1327 594 1388 vel
617 1347 634 1388 a
656 1327 778 1390 librario
800 1329 930 1390 litterato
952 1347 1176 1409 nonnumquam
1199 1327 1244 1389 vel
1267 1348 1285 1390 a
1307 1345 1374 1387 cor-

228 1437 360 1500 rectore,
385 1432 434 1507 qui
457 1449 543 1490 suurn
565 1438 671 1516 poetae
694 1429 847 1510 exemplar
870 1432 1034 1501 conterret,
1065 1438 1261 1492 mutarentur.
1314 1428 1374 1489 Sed

228 1533 301 1593 baec
322 1532 521 1610 uteremplis
544 1531 743 1603 illustremus,
778 1550 831 1612 age
854 1531 966 1612 aliquot
989 1541 1141 1602 auctores,
1177 1550 1228 1592 eos
1257 1531 1373 1600 saltem,

228 1654 355 1716 qnorum
377 1636 504 1695 maxime
527 1635 694 1713 frequentia
724 1643 794 1696 sunt
823 1637 1007 1705 testimonia,
1037 1635 1263 1715 perlustremus.
1315 1632 1373 1692 Ex·

227 1737 347 1798 haurire
370 1738 468 1798 omnia
491 1737 629 1797 immensi
652 1735 742 1798 taedii
765 1745 851 1798 esset.

311 1839 352 1900 Ao
374 1840 503 1918 primum
525 1840 626 1899 inesse
655 1841 686 1899 in
709 1840 804 1901 Probi
830 1856 905 1917 quae
933 1837 1072 1900 dicuntur
1095 1840 1263 1901 Catholicis.
1284 1843 1314 1898 et
1340 1838 1374 1898 in

226 1944 368 2004 institutis
389 1945 501 2002 artium
523 1959 579 2001 nec
602 1960 661 2002 non
684 1942 714 2002 in
730 1940 848 2003 ‘libellis
879 1944 919 2003 de
938 1943 1121 2018 differentias
1143 1948 1172 2001 et
1193 1943 1232 2000 de
1253 1941 1374 2001 nornine

227 2061 263 2104 ex
286 2044 396 2123 Berytii
419 2045 603 2120 grammatici
625 2044 846 2105 commentariis
867 2042 1029 2105 uberrimis
1052 2050 1190 2122 excerpta
1214 2041 1316 2102 docuit
1335 2041 1372 2101 H.

226 2145 337 2207 Keilius
359 2148 389 2206 in
414 2145 597 2224 praelatione
620 2147 719 2226 quarti
733 2143 995 2224 grammaticorum
1010 2146 1183 2207 Latinorum
1200 2142 1371 2205 voluminis.

227 2247 285 2308 Sed
309 2250 446 2327 qnoniam
470 2249 592 2308 noviciis
614 2248 854 2326 artigraphorum
878 2256 907 2308 et
929 2245 1097 2326 puerilibus
1111 2248 1278 2326 praeceptis
1294 2244 1371 2306 mul·

228 2349 353 2410 ttiarianr
378 2351 576 2410 contaminata
599 2356 628 2410 et
650 2357 790 2429 corrupta
813 2358 890 2419 sunt,
915 2348 1150 2426 Vergilianorum
1174 2366 1249 2429 qnae
1270 2349 1302 2408 in
1317 2346 1372 2414 bis

225 2451 310 2512 libris
333 2452 508 2514 adferuntur
530 2451 689 2512 verborum
712 2451 786 2512 tides
808 2450 896 2529 longe
918 2452 1040 2512 minima
1063 2469 1098 2511 er
1121 2458 1206 2531 parte
1229 2448 1265 2511 ad
1281 2447 1372 2510 Probi

226 2555 431 2614 alletoritatem
454 2553 539 2624 redit,
563 2553 615 2616 sed
639 2572 674 2613 er
698 2553 941 2615 scholasticorum
965 2555 1044 2613 tertii
1067 2552 1112 2614 vel
1134 2553 1233 2632 quarti
1253 2547 1283 2631 p.
1300 2550 1370 2612 Chr.

227 2654 337 2715 saeculi
359 2656 501 2722 memoria
525 2654 713 2717 diiudicanda
737 2663 789 2716 cst.
821 2654 919 2716 Probo
935 2675 1011 2736 quae
1026 2655 1170 2716 lectiones
1186 2654 1371 2733 Vergilianas

227 2757 368 2816 vindicari
390 2758 505 2836 possint
526 2760 556 2818 in
579 2757 626 2819 his
649 2757 833 2836 aliorumque
854 2760 1113 2834 grammaticorum
1129 2759 1256 2836 scriptis,
1280 2773 1370 2835 supra

225 2860 359 2938 quamvis
381 2857 510 2920 breviter
522 2903 523 2906 ,
533 2860 703 2936 significavi.
900 2851 902 2853 ’

310 2960 361 3020 Sat
394 2959 598 3020 memorabilia
631 2962 793 3023 memoriae
827 2963 966 3040 antiquae
999 2964 1120 3041 vestigia
1150 2964 1181 3021 in
1210 2959 1285 3021 libro
1318 2960 1370 3038 qui

226 3061 299 3122 salso
322 3055 392 3122 olim
416 3064 493 3123 inter
516 3061 680 3123 Probianos
702 3062 854 3124 terebatur
876 3061 1046 3144 de‘fuitimis
1066 3065 1191 3143 syllabis
1214 3062 1369 3140 reperiun-

226 3172 283 3224 tur.
330 3159 418 3226 Cuius
441 3172 543 3227 auctor
565 3172 595 3225 et
617 3167 698 3225 novit
720 3163 869 3244 duplicem
892 3167 1071 3245 scripturam
1087 3174 1116 3227 et
1131 3166 1289 3244 genuinam
1307 3164 1370 3222 vin·

201 3265 304 3326 'dicat
325 3264 371 3326 his
395 3285 423 3345 p.
447 3263 519 3336 226,
543 3264 584 3328 33
613 3266 647 3327 ‘o
670 3267 767 3328 littera
796 3269 950 3345 genetivus
973 3270 1150 3330 terminatus
1172 3268 1303 3328 Graecus
1325 3271 1371 3324 est

226 3385 349 3444 eamque
365 3369 489 3448 produci
505 3387 628 3430 necesse
644 3376 698 3436 est,
722 3377 754 3429 nt
769 3370 932 3442 inferibus
945 3374 1035 3433 letum
1049 3373 1213 3446 Androgeo
1236 3367 1316 3446 (nen.
1333 3368 1371 3427 Vl

225 3465 286 3547 20).
344 3477 390 3530 est
426 3472 503 3531 enim
537 3471 660 3550 proprie
694 3470 827 3531 Graecus
860 3473 1064 3549 genenitivus,
1099 3473 1169 3534 licet
1202 3471 1294 3548 aliqui
1326 3472 1371 3531 sic

226 3569 329 3648 legunt
351 3574 383 3631 in
410 3572 533 3646 foribus
554 3575 644 3633 ictam
667 3575 836 3648 Androgei,
869 3575 1000 3636 Graecae
1029 3574 1236 3636 declinationis
1258 3574 1368 3651 ignari:

225 3679 253 3731 et
270 3681 438 3749 portusque
459 3675 589 3735 ciebimus
611 3675 744 3735 Chaonio
768 3674 817 3753 (ΙΙΙ
839 3673 916 3759 292),
934 3695 990 3756 pro
1006 3677 1129 3740 Chaonii
1144 3677 1237 3755 patris
1252 3681 1369 3754 portus,

225 3775 359 3851 quamvis
381 3773 497 3852 legatur
513 3784 677 3852 portusque
697 3779 827 3839 subimus
848 3780 1006 3842 Chaonios.
1051 3787 1097 3840 est
1120 3795 1191 3856 ergo
1213 3777 1371 3854 genetivus

226 3877 386 3938 Chaonio'.
431 3878 513 3948 Quae
536 3877 637 3938 ultima
666 3878 735 3939 licet
756 3898 894 3959 perversa
917 3883 985 3950 sint,
1020 3889 1118 3944 tamen
1141 3879 1248 3941 docent
1269 3896 1370 3964 gram-

226 3978 363 4039 maticum
385 3980 416 4040 in
440 3979 600 4059 exemplari
622 3979 721 4060 aliquo
749 3982 852 4042 eadem
878 3984 1029 4061 reperisse
1056 4001 1132 4060 quae
1160 3980 1250 4042 babet
1276 3980 1371 4043 Medi·

226 4164 310 4208 oeus:
334 4148 483 4210 Pennus
507 4157 536 4210 et
558 4084 766 4213 eutonius.

247 4329 260 4334 ψ
309 4283 390 4344 lllam
414 4295 510 4356 autern
534 4287 662 4364 genetivi
685 4288 847 4363 Androgeo
869 4285 1032 4365 analogiam
1055 4295 1175 4351 secutus
1197 4243 1371 4364 luitquill

224 4381 288 4456 425
310 4387 532 4452 commendaret
547 4391 674 4458 Peneieo
689 4407 744 4468 pro
760 4391 887 4459 Penelei,
911 4389 990 4469 quod
1012 4391 1042 4449 in
1065 4391 1176 4486 nostris
1198 4387 1281 4452 libris
1303 4403 1370 4450 om-
