2962 4904
546 391 790 436 enoneooumm.
1219 377 1241 443 5

94 569 152 623 tota
186 561 296 622 faudlia
331 561 472 641 omnique
505 563 548 620 rei
583 559 762 623 domesticae
802 562 985 644 supellectile
1024 575 1142 646 arrepta
1177 569 1240 648 (bio
1254 545 1260 552 γ’

92 661 325 744 xxxiiiiiiii).
372 665 437 737 Ouo
467 663 577 724 factum
605 670 651 724 est
678 671 710 725 ut
733 665 977 728 Cremonensium
1006 685 1125 748 quoque
1155 671 1238 742 lines,

92 768 158 846 quia
181 785 242 828 non
265 765 447 835 sufficerent,
472 774 676 844 transgressus
699 766 838 828 Octavius
853 768 944 840 blesa,
968 767 1110 832 limitator
1132 770 1265 868 ossac-¹

92 889 158 931 sare
181 869 341 930 Octaviano
362 867 456 938 datus,
481 869 675 930 utollensam
698 867 845 947 quandam
861 869 1090 932 Mantuanorum
1111 870 1235 934 ulcisce-

91 979 190 1042 retur,
218 989 274 1050 per
295 969 345 1031 XV
368 968 447 1030 milia
476 971 617 1049 pissuum
647 973 711 1050 agri
733 970 884 1034 Mantuani
915 973 1002 1033 vicini
1030 971 1143 1036 scilicet
1165 976 1236 1037 Cre·

92 1093 196 1135 monae
219 1073 363 1153 perticam
385 1071 544 1133 militarem
559 1074 729 1153 porrigeret
745 1073 877 1152 (Servius
899 1073 935 1136 ad
951 1073 1005 1135 ecl.
1023 1073 1063 1135 ix
1085 1072 1121 1136 i:
1146 1076 1184 1137 cf.
1212 1097 1237 1137 v.

92 1173 142 1258 28)
167 1184 196 1237 11
218 1179 317 1256 ipsum
333 1174 495 1253 Vergilium
518 1181 655 1236 nostrum
678 1176 858 1262 patrimonio
882 1174 1053 1255 expelleret,
1078 1178 1130 1256 qui
1152 1195 1235 1239 sexa·

94 1280 173 1357 ginta
197 1279 344 1339 veteranis
366 1277 464 1366 locum
487 1275 619 1356 daret*).
669 1277 730 1338 lam
753 1276 845 1341 italici
872 1277 962 1340 rebus
984 1278 1046 1339 suis
1069 1279 1240 1341 miserrime
1299 1361 1300 1364 Ἴ

93 1379 208 1459 spoliati
232 1380 363 1458 undique
379 1397 493 1448 omncs,
516 1379 638 1440 iuvenes
660 1397 748 1442 senes
773 1379 911 1441 mulieres
933 1381 1020 1440 etiam
1045 1397 1114 1444 eum
1138 1381 1235 1443 infan-

95 1481 171 1542 tibus
186 1481 313 1544 llomam
337 1481 497 1551 confluere,
520 1482 550 1541 in
574 1481 639 1542 foro
665 1489 693 1542 et
715 1483 746 1542 in
768 1480 888 1562 templis
903 1479 1055 1563 supplices
1071 1481 1238 1554 considere,

91 1604 190 1647 rerum
219 1603 340 1644 suarum
367 1585 485 1645 ruinam
513 1582 632 1663 publice
661 1587 819 1665 conqueri,
854 1585 1018 1662 iniquiores
1051 1583 1140 1646 etiam
1168 1602 1238 1664 pro·

90 1686 301 1767 scriptionibus
322 1683 513 1766 spoliationes
544 1683 625 1757 illas,
657 1685 763 1766 quibus
790 1687 982 1748 immerentes
1009 1686 1123 1765 pariter
1150 1694 1238 1767 atque

90 1790 201 1849 inimici
230 1787 430 1849 adficerentur
454 1787 586 1868 (Appiam
610 1786 639 1848 b.
670 1806 696 1850 c.
725 1787 749 1848 V
773 1785 837 1870 14),
862 1788 1016 1858 detestari,
1045 1787 1176 1850 lacrimis
1204 1808 1239 1850 ac

91 1891 216 1951 tumultu
240 1892 373 1968 ipsorum
396 1893 503 1951 civium
532 1891 648 1951 animos
672 1908 860 1952 commovere
884 1889 1017 1970 (Appian.
1041 1889 1071 1950 b.
1095 1909 1121 1952 o.
1137 1890 1161 1951 V
1179 1887 1238 1971 12).
1337 1955 1339 1960 χ

91 1993 157 2055 Fuit
177 1994 259 2054 inter
281 1992 335 2054 bos
355 1991 507 2072 supplices
523 1990 679 2069 Vergilius,
703 1995 754 2072 qui
769 1993 971 2073 potentiorum
995 1993 1168 2062 amicorum,
1192 1993 1237 2052 iu·

93 2097 197 2174 primis
226 2095 322 2156 Asinii
350 2092 492 2155 Pollionis
516 2100 545 2153 et
567 2092 698 2155 Cornelii
720 2093 794 2156 Galli
819 2093 944 2172 (Probus
965 2113 996 2174 p.
1019 2092 1049 2168 6,
1075 2091 1092 2153 1
1116 2093 1162 2174 li.)
1192 2094 1237 2154 in·

90 2203 224 2258 terveutu
246 2197 374 2277 perfecit
395 2205 428 2258 ut
450 2195 641 2266 Octavianus,
671 2199 722 2276 qui
744 2191 973 2276 dum'pasceret
995 2195 1122 2256 militum
1145 2196 1237 2256 avari·
1340 2237 1342 2248 ,

88 2300 168 2370 tiam,
193 2307 362 2378 togatorum
385 2313 503 2378 quoque
519 2297 634 2358 animos
650 2306 791 2379 quantum
807 2299 872 2360 fieri
887 2304 989 2377 posset
1004 2297 1061 2359 sibi
1077 2297 1236 2360 conciliare

89 2401 229 2471 studeret,
254 2419 307 2462 sua
330 2408 436 2480 poetae
458 2400 629 2461 restitutum
652 2402 689 2461 iri
711 2401 900 2479 promitteret
922 2398 989 2481 (ecl.
1014 2396 1176 2479 144sq.).

171 2503 208 2565 Et
228 2502 335 2564 'reduci
357 2489 455 2563 Andes
477 2519 532 2580 per
554 2503 724 2563 triumviros
752 2503 830 2580 agris
860 2500 1065 2581 adsignandis,
1095 2521 1169 2583 quos
1187 2500 1236 2562 'ab

91 2607 248 2668 (leuviam
271 2607 378 2666 missos
400 2623 466 2665 esse
488 2604 613 2664 Servius
632 2611 742 2674 narrat,
766 2621 820 2664 sua
842 2595 979 2665 restituta
1003 2603 1127 2684 esse**)
1151 2609 1234 2664 rcctc

91 2697 278 2768 correluditur
307 2725 342 2766 ex
364 2709 494 2783 prima
523 2703 639 2783 ecloga,
669 2722 726 2784 qua
755 2707 816 2767 otio
846 2713 875 2766 et
903 2706 1061 2766 securitate
1087 2706 1236 2766 fruentem

95 2817 179 2889 poeta
202 2826 307 2870 senem
329 2810 475 2869 rusticum
497 2815 582 2886 grato
605 2808 704 2868 animo
727 2807 776 2868 dei
797 2806 886 2878 illiue,
911 2808 962 2888 qui
984 2808 1040 2886 ipsi
1064 2814 1122 2877 est,
1147 2806 1234 2868 (icta-
1300 2879 1303 2888 ,

87 2913 165 2973 'viani
196 2909 430 2973 benivolentiam
458 2911 496 2971 ita
527 2907 671 2969 extollere
705 2909 806 2988 fingit,
838 2916 871 2970 ut
903 2908 1030 2971 similem
1063 2908 1236 2970 felicitatem

90 3015 199 3102 ceteris
243 3029 363 3092 quoque
405 3010 601 3091 popularibus
643 3012 722 3072 foras
765 3011 892 3073 turbatis
939 3012 1076 3092 impense
1119 3019 1239 3090 exoptet

91 3115 140 3194 (ef.
165 3134 190 3174 r.
218 3111 267 3176 12.
292 3112 334 3176 70
355 3116 440 3195 squ).
492 3113 559 3174 lion
583 3122 682 3174 tamen
706 3120 837 3175 extrema
858 3113 921 3175 fere
945 3119 1057 3174 aestate
1079 3115 1148 3174 armi
1175 3110 1237 3176 713

91 3225 193 3279 exorto
228 3215 307 3277 bebo
327 3215 471 3278 Perusino
493 3213 603 3284 Pollio,
634 3222 668 3276 ut
689 3214 724 3275 L.
743 3216 872 3278 Antonio
896 3223 925 3276 et
947 3215 1066 3278 Fuluiae
1093 3215 1235 3279 auxilium

90 3321 196 3388 ferret,
226 3316 350 3380 Galliam
374 3315 616 3397 'franspadanam
644 3316 767 3397 reliquit
793 3327 823 3378 et
851 3318 1003 3380 inlocum
1032 3319 1096 3380 eius
1118 3318 1236 3400 legatus

93 3421 126 3482 ab
149 3422 313 3483 Octaviano
337 3418 514 3482 substitutus
538 3425 567 3480 et
590 3422 670 3498 agris
699 3419 866 3482 dividendis
892 3422 1062 3501 praefectus
1091 3420 1236 3483 1111111-

93 3543 145 3588 nos
168 3525 264 3586 Varus
288 3521 418 3601 (Servius
440 3521 476 3583 ad
507 3518 560 3582 ccl.
584 3520 620 3581 Vl
641 3519 661 3582 6
682 3519 719 3583 lll
745 3519 792 3583 10.
813 3519 883 3600 29),
912 3522 1055 3602 quiquid
1077 3539 1235 3586 commune

93 3626 231 3687 babuerit
259 3643 326 3686 cum
349 3623 465 3685 lloratii
493 3624 592 3704 (serm.
621 3619 687 3694 13,
713 3621 783 3704 130)
814 3632 843 3684 et
871 3623 1048 3686 scholiastae
1081 3625 1236 3687 Horatiani

95 3727 151 3789 leto
181 3734 303 3789 tonsore
331 3727 361 3786 in
389 3733 469 3788 tanta
497 3733 766 3787 commentatorum
800 3728 966 3806 ignorantia
995 3726 1146 3788 enucleari
1173 3747 1234 3789 riou

91 3838 197 3908 potest.
243 3831 330 3891 Certe
359 3831 410 3907 qui
438 3847 517 3890 anno
547 3825 609 3889 713
636 3827 751 3907 legatus
778 3829 890 3899 fuerat,
922 3848 1000 3891 anuo
1029 3813 1149 3890 demum
1173 3827 1235 3892 755

91 3929 469 3993 consulatumadsecutum
493 3948 642 3992 essenon
671 3932 764 4011 magis
794 3929 949 4009 probabile
980 3940 1038 4004 est,
1068 3949 1155 4014 quam
1182 3933 1234 4013 qui

157 4204 184 4269 *l
203 4203 310 4255 Probus
324 4219 350 4270 p.
364 4205 389 4267 5,
402 4205 435 4254 35
447 4203 490 4264 K,
509 4204 622 4268 quinon
635 4203 780 4256 suffecisse
799 4204 887 4255 solum
899 4203 1017 4270 Vergilii
1027 4219 1123 4272 agrum
1136 4209 1233 4256 tentae

75 4345 78 4352 ¹
97 4288 272 4351 multitudini,
292 4288 341 4340 sed
360 4275 532 4355 adsumptum
550 4287 578 4338 in
597 4289 656 4340 eius
674 4304 752 4340 risum
771 4303 832 4341 esse
851 4289 945 4340 1111111.

138 4373 181 4440 *1)
201 4375 331 4440 Prolegg,
353 4373 442 4426 bucol.
462 4376 572 4440 ‘postea
590 4373 625 4422 ab
644 4371 768 4440 Augusto
791 4375 883 4426 missis
906 4375 1056 4427 triumviris
1075 4383 1103 4427 et
1121 4376 1175 4442 ipsi
1192 4375 1233 4425 in·

93 4461 167 4523 teger
185 4475 254 4526 eger
273 4463 316 4510 est
334 4458 456 4510 redditus
475 4463 503 4529 et
519 4459 679 4511 Mantuanis
696 4475 745 4526 pro
764 4463 864 4526 parte’.
