2962 4904
522 369 765 424 reconsecrare.
1173 357 1214 422 29

68 549 116 612 bis
146 550 280 630 quamvis
310 548 431 609 incertis
462 556 493 608 ct
523 548 659 611 obscuris
693 549 855 610 memoriae
884 550 1016 628 vestigiis
1048 548 1216 629 deprehen·

69 653 149 713 disse
186 654 258 714 mibi
295 650 407 711 uideor.
471 650 529 711 Sed
571 653 669 731 ipsum
706 651 836 711 Tuccam
856 721 858 724 ¹
875 661 903 711 et
940 650 1058 712 Varium
1100 658 1218 730 praeter

69 755 201 816 Aeneida
225 762 254 814 et
277 753 394 832 eclogas
423 761 452 814 ct
474 755 613 832 georgica
637 753 766 814 edidisse
796 771 830 812 ex
854 752 900 813 his
929 753 1004 814 ritae
1026 752 1125 815 verbis
1148 755 1218 814 satis

72 857 260 917 confidenter
294 856 454 918 concludo:
488 859 639 929 ‘ceterum
673 855 769 916 eidem
792 856 880 916 Vario
914 874 948 917 ac
983 854 1071 917 simul
1099 856 1216 917 'luccae

72 961 184 1038 scripta
207 977 260 1019 sua
283 956 339 1020 sub
363 978 396 1020 ea
420 957 596 1020 condicione
619 956 733 1036 legavit,
757 957 887 1038 nequid
911 958 1034 1020 ederent
1056 957 1133 1035 quod
1158 977 1217 1019 nou

70 1081 86 1120 a
109 1079 143 1122 se
166 1060 278 1121 editum
302 1065 413 1130 esset’,
440 1059 547 1139 quibus
569 1067 603 1119 ut
626 1059 702 1120 edita
726 1058 762 1121 ab
785 1059 850 1139 ipso
873 1061 1009 1139 georgica
1033 1069 1061 1121 et
1085 1060 1217 1122 bucolica

71 1165 180 1223 iterum
204 1163 329 1224 ederent
350 1171 465 1244 tantum
488 1181 550 1224 non
573 1164 693 1224 iussisse
716 1161 832 1222 videtur
854 1163 966 1223 amicos
988 1155 1142 1240 Vergilius.
1181 1165 1219 1225 Ut

72 1264 228 1326 scholiasta
253 1283 342 1342 quem
365 1283 454 1345 supra
483 1263 599 1326 laudari
622 1264 841 1325 Lemoviceusis
870 1265 1090 1325 ‘authenticum
1120 1284 1219 1325 exem·

71 1366 155 1446 plar’
180 1366 218 1427 ab
241 1369 306 1446 ipso
329 1374 415 1447 poeta
437 1367 522 1447 prius
545 1367 671 1437 editum,
703 1367 814 1446 ‘ipsius
836 1369 974 1427 manom’
997 1385 1060 1427 eam
1084 1365 1219 1427 intellex-

75 1472 134 1531 isse
161 1469 312 1548 putandui
341 1471 392 1538 sit,
430 1486 506 1546 quac
536 1468 657 1534 alteram
682 1469 846 1530 carminum
876 1470 1080 1530 recensionem
1109 1471 1218 1548 passim

72 1571 211 1650 adgressa
234 1573 281 1632 sit.

155 1675 235 1753 Ergo
268 1692 328 1734 non
361 1672 489 1736 debebat
521 1673 725 1744 Marklaudus,
760 1674 808 1753 qui
842 1674 1004 1753 perlectam
1038 1673 1097 1736 dici
1131 1692 1218 1754 posse

73 1777 200 1839 herreida
224 1777 341 1837 sortiter
364 1778 481 1856 negarit
503 1778 533 1836 iu
556 1777 740 1856 praefatione
763 1775 799 1838 ad
823 1775 907 1836 Statii
931 1775 1033 1846 siivas,
1063 1776 1100 1837 de
1130 1795 1217 1855 geor·

73 1882 144 1956 gicis
173 1878 333 1956 benignius
360 1878 536 1940 concedere.
586 1877 744 1946 Etlaetor
766 1876 994 1957 Peerlkarupum
1024 1879 1168 1940 blnemos.
1195 1879 1219 1938 X

76 1978 133 2042 123
158 1999 279 2042 mecum
308 1981 351 2040 sic
378 1987 524 2050 statuere,
559 1998 717 2062 numquam
748 1979 870 2042 desiisse
894 1979 1052 2070 Vergilium
1082 1983 1220 2059 georgica

75 2082 141 2144 licet
162 2081 296 2144 absoluta
320 2090 349 2142 et
372 2081 449 2144 edita
473 2084 620 2161 castigare
650 2091 679 2144 et
700 2083 735 2144 ad
758 2084 973 2163 perlectionem
997 2083 1091 2160 magis
1113 2084 1219 2160 magis·

78 2203 131 2262 que
154 2183 312 2246 adducere.

155 2289 249 2349 Cuius
272 2294 370 2348 tamen
395 2289 558 2348 sentcntiae
582 2287 661 2366 quod
685 2289 749 2369 ipse
771 2289 866 2350 ascire
890 2287 946 2349 sibi
970 2289 1049 2349 risus
1072 2296 1117 2350 est
1139 2290 1220 2349 testi·

77 2390 204 2450 monium
228 2388 314 2450 nihili
336 2388 441 2450 babeo.
479 2387 546 2449 Vult
568 2391 646 2450 enim
671 2389 748 2470 apud
765 2389 898 2450 Serrium
922 2391 957 2452 ad
981 2409 1026 2468 ge.
1044 2387 1221 2452 1112111111

75 2490 145 2569 legi:
185 2493 234 2550 ‘et
264 2497 309 2551 est
332 2489 445 2568 Virgilii
475 2490 532 2551 boc
555 2490 774 2552 hemistichium
797 2511 888 2553 unum
918 2492 954 2552 de
982 2495 1127 2553 inductis'
1156 2495 1221 2574 ipro

77 2592 232 2672 ‘iacietis'l
257 2599 287 2652 et
309 2591 472 2654 1111111111
491 2589 553 2652 190
574 2593 623 2652 ‘et
645 2601 690 2654 est
713 2611 803 2654 unrrm
827 2593 863 2654 de
886 2594 932 2654 bis
955 2612 1029 2672 quae
1052 2593 1220 2657 lrabetVir-

78 2695 162 2773 gilius
183 2696 398 2756 inimatubilia'
422 2695 486 2774 (pro
508 2695 756 2772 ε111111111111111111’1,
786 2695 864 2776 quod
888 2695 993 2756 laisum
1024 2716 1089 2757 esse
1113 2697 1222 2757 docent

75 2800 166 2859 statim
205 2797 361 2858 subiuncta
399 2801 444 2856 ‘et
478 2815 534 2858 seo
564 2802 703 2874 proprie.
743 2797 801 2859 tale
830 2805 876 2858 est
904 2796 977 2858 illud
1015 2815 1060 2876 ge.
1090 2798 1129 2859 111
1160 2796 1220 2859 192

74 2902 141 2962 item
165 2901 177 2961 1
204 2897 296 2960 113.’
346 2899 454 2960 Statuit
486 2898 599 2960 scilicet
620 2898 833 2981 Peerlkampus
854 2919 883 2980 p.
910 2897 968 2961 121
998 2901 1056 2962 dici
1084 2901 1158 2962 baec
1185 2902 1240 2962 dex

77 3003 236 3082 exemplari
258 3002 353 3080 ipsius
367 3000 498 3080 Vergilii,
522 3004 552 3062 in
576 3021 633 3080 quo
656 3002 712 3063 alia
737 3003 841 3073 deleta,
865 3005 1065 3084 suprascripta
1082 3003 1146 3073 alia,
1171 3004 1221 3064 de·

79 3108 166 3184 itique
189 3104 245 3164 alia
268 3103 390 3164 inducta
413 3104 539 3172 luerint,
572 3113 602 3164 et
629 3104 750 3165 inducta
777 3106 816 3165 ita
846 3112 878 3165 ut
900 3113 950 3166 aut
978 3105 1101 3166 meliora
1131 3123 1220 3184 supra

79 3207 232 3288 scripserit
260 3212 319 3274 aut,
343 3223 410 3266 curn
435 3204 557 3266 meliora
581 3209 680 3266 statim
704 3225 763 3267 uon
786 3209 945 3276 inveniret,
981 3215 1079 3268 vetera
1115 3213 1220 3288 ‘repo-

80 3307 233 3387 suerit’*).
266 3307 347 3378 Quae
362 3307 452 3385 igitur
467 3308 586 3376 inducta
602 3316 788 3388 reposuerat,
812 3328 879 3370 cum
897 3309 966 3386 quid
983 3310 1222 3389 suprascriheret

76 3430 132 3472 uon
156 3429 190 3471 se
214 3407 387 3478 obtulisset,
416 3412 612 3472 immutabilia
634 3430 649 3472 a
673 3412 872 3490 grammaticis
895 3411 962 3471 dici.
1013 3413 1155 3474 Proiecto
1174 3431 1220 3491 ge.

77 3509 201 3573 111192
230 3511 281 3588 qui
311 3510 404 3572 semel
432 3512 558 3581 invenit,
590 3531 649 3574 non
676 3513 852 3575 inducturus
880 3513 922 3574 rel
953 3522 1119 3594 mutaturus
1148 3523 1219 3577 erat.

79 3615 206 3687 1111111111
231 3614 242 3672 1
267 3610 326 3673 113
349 3621 503 3692 tantopere
532 3614 668 3676 admirati
697 3617 772 3687 sint,
806 3635 844 3677 ne
872 3616 944 3676 mibi
973 3617 1091 3694 quidem
1120 3618 1221 3696 liquet,

75 3718 123 3779 sed
152 3713 336 3780 admirabilis
364 3714 482 3775 videtur
511 3736 537 3776 1.
564 3713 632 3777 112.
686 3717 748 3778 Nisi
777 3721 853 3780 lorte
882 3721 912 3779 iu
940 3718 1130 3780 hemisticlrio
1161 3719 1221 3781 113

76 3818 299 3880 admirabantur
321 3835 463 3877 numeros
493 3827 522 3878 et
551 3837 692 3880 sonorum
720 3829 988 3901 temperamentum
1018 3822 1221 3885 tettctsstnun

73 3921 228 3997 quoddam.
253 3920 391 3981 Ceterum
405 3919 627 3981 ‘inimitabilia’
646 3923 762 4000 possint
780 3925 867 3983 ctiam
888 3924 945 3983 dici
957 3942 1032 4002 qrrae
1045 3943 1082 3985 ne
1097 3927 1221 3988 imiteris

73 4023 231 4084 carendum
249 4024 296 4090 sit,
313 4021 370 4081 nisi
386 4020 457 4082 illud
475 4021 530 4082 ‘de
546 4024 679 4085 invictis'
700 4032 778 4085 vetet
794 4044 832 4086 ne
848 4025 1049 4106 arroteritae
1063 4027 1145 4088 intell
1180 4049 1211 4090 a·

122 4227 125 4230 .
137 4226 211 4231 --.---
221 4225 250 4232 .-
259 4227 368 4232 --.---

136 4357 162 4420 *1
186 4357 300 4409 Servius
319 4375 362 4424 ge.
383 4363 394 4412 1
414 4363 446 4413 ct
465 4365 560 4430 primis
580 4365 718 4433 extemplo
738 4381 754 4418 a
774 4369 913 4418 mensibus
934 4364 1059 4433 11111111...
1077 4367 1221 4440 [extemplo

74 4441 177 4493 induxit
194 4449 223 4494 et
241 4443 387 4511 reposuitl.
