2962 4904
264 347 303 412 16
714 366 958 416 enoncoonann.

261 537 482 619 pugnandoque
505 537 615 599 mereri
648 533 729 597 nullo
757 537 821 599 lere
849 555 908 598 noa
943 543 1078 617 tempore
1113 543 1180 615 apte
1213 534 1263 597 illc
1296 533 1416 614 praedi·

258 639 393 702 cabatur.
1165 635 1167 638 ’

344 761 404 822 Sed
427 763 529 822 tamen
544 758 581 820 ad
596 777 706 821 annum
719 755 782 821 719
796 758 915 820 difficile
931 767 977 821 est
997 776 1064 820 cum
1080 757 1183 819 Iahnio
1197 757 1313 819 relerre
1337 773 1413 836 quae

261 883 287 923 v.
310 859 374 924 509
397 882 441 943 sq.
466 863 620 942 leguntur:

409 1017 473 1078 hinc
494 1027 587 1077 movet
607 1018 773 1096 Euphrates,
797 1018 873 1077 illine
895 1020 1036 1077 Germania
1059 1018 1175 1084 bellum;

410 1107 513 1192 vicinae
536 1106 624 1180 ruptis
648 1108 719 1162 inter
741 1120 770 1161 se
793 1103 900 1179 legibus
922 1104 1005 1161 urbes

400 1208 484 1258 arma
507 1191 600 1248 ierunt
622 1207 646 1247 e.
670 1209 698 1264 q.
721 1207 744 1246 s.

218 1387 221 1395 ·
258 1359 332 1421 Nam
354 1358 456 1421 Parthi
484 1365 519 1420 ut
540 1347 597 1418 hoo
618 1358 805 1437 potissimum
829 1375 906 1420 anno
933 1355 1045 1420 bellurn
1075 1355 1154 1418 ultro
1177 1359 1325 1420 moverint
1347 1367 1413 1420 tau·

258 1470 322 1523 tum
353 1459 452 1530 abest,
487 1466 520 1520 ut
547 1460 606 1539 ipsi
638 1459 764 1520 Romani
798 1461 925 1520 Antonio
960 1458 1036 1521 duce
1073 1478 1153 1521 arma
1182 1459 1242 1522 illis
1275 1459 1414 1523 intulisse

261 1562 421 1625 tradantur
445 1581 461 1636 a
484 1561 578 1623 Ilione
601 1561 786 1624 xxxxviiii
808 1558 866 1634 24,
889 1561 976 1643 apud
1004 1580 1093 1641 quem
1116 1580 1242 1642 prorsus
1263 1564 1414 1625 contraria

261 1665 305 1728 illi
327 1663 518 1727 hemistiebio
546 1662 619 1725 baec
648 1664 684 1725 de
706 1665 834 1725 Antonio
850 1663 1019 1742 leguntur:
1058 1656 1114 1724 καὶ
1142 1656 1230 1748 λόγῳ
1259 1655 1322 1745 μὲν
1349 1653 1414 1744 τήν

261 1758 399 1848 εἰρήνην
421 1764 584 1844 ἔπραττεν
671 1811 679 1826 .
703 1763 790 1848 ἔργῳ
813 1756 850 1825 δὲ
872 1753 913 1825 τοὶ
934 1761 997 1826 τοῦ
1018 1759 1169 1846 πολέμου
1191 1757 1302 1825 πάντα
1316 1752 1412 1846 ήτοι-

150 1939 151 1942 ¹
259 1860 389 1950 μα’ζετο.
419 1860 486 1929 καὶ
506 1847 609 1947 ἦλθε
630 1863 749 1947 μέχρι
770 1861 845 1927 τοῦ
866 1855 1095 1948 Εὐφράτου
1117 1865 1262 1948 νομίζων
1283 1865 1413 1949 ἔρημον

262 1958 371 2033 αὐτὰν
393 1965 549 2050 φρουρᾶς
571 1960 657 2030 εἶναι
678 1989 709 2030 κ.
732 1989 760 2032 τ.
784 1968 814 2030 l..
863 1969 961 2031 Nihilo
983 1977 1083 2032 tamen
1111 1955 1211 2032 minus
1233 1987 1285 2031 sua
1309 1971 1413 2050 Vergi-

264 2073 322 2136 lius
346 2073 496 2153 putandus
519 2079 564 2134 est
586 2080 654 2133 ante
676 2089 787 2134 annum
803 2067 865 2132 721
882 2073 1047 2151 scripsisse,
1071 2080 1239 2153 antequam,
1265 2081 1297 2134 ut
1312 2073 1415 2134 ilionis

263 2176 286 2236 L
304 2174 319 2237 1
338 2175 436 2238 verbis
457 2182 534 2245 utar,
558 2160 576 2235 ὁ
592 2165 736 2253 Πάρθος
757 2160 860 2234 οὐδὲν
874 2172 1048 2251 naasson
1063 2184 1092 2236 et
1106 2182 1234 2254 aterque
1248 2173 1414 2255 imperator

261 2277 373 2340 bellum
396 2285 499 2340 contra
522 2276 647 2339 alterum
670 2277 729 2338 iam
751 2274 883 2356 parabat.
933 2275 1037 2354 Atque
1052 2279 1139 2340 ctiam
1162 2266 1202 2338 τὰ
1223 2275 1414 2357 προςπολε-
1473 2267 1474 2278 ’

261 2371 415 2461 μήσαντα
442 2374 489 2464 τῷ
516 2376 662 2458 Καίσαρι
692 2364 835 2459 ἡσύχαζε
862 2387 930 2441 ante
963 2379 1042 2442 idem
1077 2389 1196 2462 tempus
1230 2380 1293 2459 (Dio
1322 2378 1341 2442 l.
1371 2378 1413 2461 l),

263 2500 334 2562 ergo
357 2482 514 2545 Germania
537 2498 665 2560 quoque.

349 2585 441 2646 Cuius
468 2593 567 2646 tamen
596 2585 717 2644 nominc
747 2581 881 2645 Salassos
908 2583 1067 2647 Tauriscos
1095 2583 1245 2646 Liburnos
1272 2584 1433 2666 Jappales,‘

268 2684 380 2749 Galliae
401 2685 467 2748 illas
490 2694 520 2747 et
541 2685 641 2747 Norici
664 2694 693 2746 ct
714 2685 884 2748 Pannoniae
907 2687 1058 2770 nationes,
1083 2706 1156 2767 quas
1178 2705 1255 2750 anno
1278 2683 1341 2748 719
1364 2704 1411 2746 se·

267 2788 411 2850 ditionem
433 2788 541 2850 secisse
564 2788 619 2850 Ilio
640 2787 823 2849 xxxxviiii
845 2786 887 2849 34
909 2797 1029 2868 praeter
1057 2789 1130 2851 alios
1158 2789 1293 2859 tradidit,
1325 2789 1413 2850 nimis

264 2892 404 2973 proiecto
424 2891 578 2972 inproprie
607 2908 622 2951 a
657 2897 744 2970 pocta
767 2888 981 2971 comprehendi
1009 2892 1111 2952 statuit
1137 2910 1225 2972 quem
1248 2890 1413 2952 Franckius

265 2995 400 3072 sequitur
435 2992 553 3054 Iahnius
584 2991 696 3053 introd.
731 2991 830 3053 xxiv.
889 2992 950 3054 Nec
978 2994 1089 3054 rectius
1118 2993 1155 3054 de
1183 2994 1332 3073 Agrippae
1360 3011 1411 3054 ex·

261 3096 424 3176 peditionc,
457 3114 513 3175 qua
535 3097 561 3156 is
585 3113 662 3156 anno
686 3090 747 3157 716
770 3093 906 3156 Rhenum
929 3102 1135 3174 transgressus
1163 3105 1222 3166 est,
1251 3095 1411 3174 cogitabis:

264 3216 343 3267 nam,
367 3197 424 3258 alia
447 3204 479 3258 ut
502 3206 624 3266 taceam,
647 3197 769 3258 minime
791 3203 855 3257 tum
878 3196 1033 3268 Germani,
1063 3198 1115 3260 sed
1137 3199 1278 3277 Aquitani
1299 3197 1411 3260 bellum

263 3307 418 3361 moverant
442 3299 505 3379 (Ilio
528 3297 697 3360 xxxxviii
724 3296 791 3376 49),
823 3296 932 3378 quibus
959 3299 1082 3360 devictis
1105 3299 1197 3362 Ubios
1225 3291 1414 3381 μετήγαγεν

259 3389 445 3483 'Appianas
467 3395 483 3462 ἑ
491 3392 640 3472 νόννας
664 3397 710 3471 εἰς
732 3388 794 3480 τήν
809 3387 903 3472 ἐντὸς
917 3396 980 3462 τοῦ
996 3387 1119 3483 Ῥήνου
1142 3402 1258 3482 (Strabo
1273 3402 1312 3463 iv
1328 3399 1411 3483 194).

265 3507 302 3566 nt
325 3523 452 3586 prorsus
474 3503 531 3564 buc
554 3502 700 3582 quadrant
722 3519 798 3581 quae
821 3503 874 3564 llio
896 3503 934 3564 Ll
955 3500 995 3564 21
1019 3513 1128 3574 narrat,
1152 3503 1203 3566 ubi
1217 3503 1412 3567 Dalmaticum

266 3609 337 3669 anni
360 3604 424 3668 725
456 3604 639 3686 triumphum
673 3604 830 3667 describit:
865 3599 965 3677 Γάϊος
996 3595 1060 3686 γὰρ
1083 3605 1233 3687 Καρίνας
1262 3596 1344 3678 τούς
1376 3625 1413 3666 τε

264 3707 451 3789 Μωρίνονς
472 3700 529 3770 καὶ
551 3697 675 3780 ἄλλους
690 3695 782 3780 τινὰς
805 3700 1125 3783 συνεπαναστάντας
1146 3697 1260 3782 αὐτοῖς
1275 3699 1411 3789 ἐχειρώ-

263 3824 344 3872 σατο
367 3802 424 3872 καὶ
446 3801 525 3882 τοὺς
546 3799 729 3890 Σοοήβους
761 3798 822 3871 τὸν
855 3796 979 3892 Ῥήνον
1013 3805 1067 3872 ἐπὶ
1101 3807 1235 3896 πολέμῳ
1269 3805 1413 3894 διαβαῖν-

261 3932 320 3986 τας
353 3901 544 3975 ἀπεώσατο·
580 3905 635 3973 καὶ
668 3901 724 3973 διὰ
755 3908 859 3980 Ιταῦτα
891 3902 994 3995 ήγαγε
1027 3905 1090 3996 μὲν
1122 3909 1178 3977 καὶ
1210 3909 1338 3987 ἐκεῖνος
1370 3904 1413 3975 τὰ

263 4006 454 4096 νικητήρια.
507 4015 552 4077 llli
582 4017 701 4096 quidem
732 4017 849 4095 quando
885 4018 987 4080 turbas
1020 4021 1213 4082 excitaverint
1249 4021 1410 4090 nescimus,

263 4122 322 4182 nisi
346 4121 424 4197 quod
449 4139 483 4180 ex
509 4121 551 4180 eis
574 4139 649 4200 quae
679 4139 769 4200 supra
793 4120 940 4201 disputavi
962 4122 1116 4202 probabile
1144 4131 1202 4194 est,
1234 4130 1264 4184 et
1285 4121 1410 4184 Parthos

263 4231 293 4282 et
317 4223 482 4284 Germanos
506 4222 611 4284 eodem
634 4225 698 4284 lere
722 4231 855 4304 tempore
877 4226 955 4287 intra
983 4243 1076 4287 annos
1099 4223 1161 4288 719
1189 4233 1219 4287 at
1246 4221 1306 4286 721
1337 4225 1411 4286 lines

263 4323 402 4385 bellando
425 4334 630 4402 transgressos
653 4345 728 4388 esso.
774 4326 875 4406 ltaque
899 4328 948 4389 ubi
972 4327 1117 4407 triplicem
1141 4331 1209 4390 anni
1225 4325 1409 4390 7251191111-

262 4428 354 4507 phum
378 4426 552 4488 describens
576 4428 720 4506 Vergilius
743 4432 838 4491 arictes
863 4440 969 4506 perires
991 4449 1065 4511 quae
1088 4435 1178 4508 Ιοαρο
1200 4433 1309 4494 ordine
1330 4435 1409 4494 ince-
