3038 4912
239 335 300 401 136
681 355 926 400 enooseounnn.

239 528 410 588 tenuissima
434 545 470 587 ex
493 527 676 603 grammatici
690 525 793 604 copiis
824 531 967 602 excerpta
992 531 1076 592 sunt,
1106 530 1188 585 recte
1216 529 1315 584 tamen
1343 525 1379 602 ad

239 637 372 690 nostrum
395 629 505 690 reterri
527 629 666 688 evincunt
692 625 780 687 hacc:
811 644 839 704 p.
866 622 935 694 113,
959 620 979 685 8
1002 624 1136 703 ‘plurale
1165 633 1268 686 contra
1296 627 1381 705 ponit

240 750 294 811 pro
318 730 459 809 singulari
483 775 489 788 .
515 775 522 789 .
546 775 553 790 .
578 727 721 818 Euryalus
743 726 851 789 ialeras
873 724 1046 786 Rhamnetis
1077 745 1103 786 e.
1127 745 1155 806 q.
1179 747 1202 787 s.
1237 726 1316 803 (hen.
1341 727 1378 788 lli

240 828 304 894 359
326 831 402 911 sqq.)
427 830 552 893 Rutulos
574 832 674 911 posuit
701 849 755 909 pro
778 828 955 890 Rutulorum
982 831 1081 906 rege’,
1111 845 1186 906 quae
1209 829 1382 908 conspirant

240 953 308 995 cum
331 932 424 996 schol.
448 934 555 995 Veron.
580 932 616 994 ad
638 935 710 994 Aen.
732 930 770 991 lll
793 927 855 992 363
878 933 965 1009 ‘dsp
991 939 1020 991 ct
1041 929 1099 991 hoc
1121 929 1297 998 obscurum,
1328 930 1380 991 sed

240 1036 297 1098 hoc
318 1035 406 1096 modo
429 1036 480 1096 liet
501 1034 648 1096 lucidum:
679 1034 809 1112 primum
832 1031 957 1094 Rutulos
978 1033 1115 1111 accipere
1138 1030 1282 1093 debemus
1302 1030 1381 1093 Rha·

241 1145 370 1198 mnetem
392 1135 507 1198 solum’
531 1155 556 1196 e.
580 1155 607 1216 q.
633 1153 656 1196 s.
709 1134 782 1195 Nam
812 1135 920 1194 ceteris
948 1153 1025 1214 quos
1053 1131 1149 1195 attulit
1170 1132 1282 1194 Kellios
1309 1133 1382 1195 locis

242 1239 313 1300 nihil
338 1239 472 1300 ellicitur.
517 1238 595 1314 Ergo
618 1237 796 1316 comparatis
819 1234 976 1313 diligenter
991 1234 1114 1314 singolis
1129 1237 1220 1297 totius
1243 1244 1382 1298 tractatus

241 1339 441 1402 notationibus
463 1358 531 1400 curn
554 1336 674 1400 scholiis
689 1346 918 1414 ceterorumque
933 1339 1194 1415 grammaticorum
1211 1340 1380 1419 praeceptis

243 1444 329 1504 ctiam
359 1441 514 1503 uberiores
542 1442 603 1501 sive
631 1441 874 1518 ‘quaestionum’
902 1440 963 1499 sive
993 1441 1274 1501 commentariorum
1297 1441 1383 1520 Aspri

243 1543 385 1621 reliquias
407 1542 507 1604 licebit
530 1543 686 1621 expiscari.

236 1695 240 1702 ,
328 1646 409 1718 Quae
431 1646 462 1706 in
485 1642 605 1705 scholiis
628 1643 831 1704 Bernensihus
859 1642 895 1705 ad
917 1661 963 1722 ge.
986 1643 1038 1705 1111
1061 1638 1124 1704 238
1146 1643 1233 1722 Aspri
1255 1645 1382 1704 auctori·

244 1753 304 1808 tate
327 1747 564 1826 praecipiuntur,
589 1764 625 1805 ex
641 1752 706 1806 arie
720 1743 811 1806 multo
827 1747 1005 1815 recentiore,
1030 1763 1104 1822 quac
1120 1743 1196 1824 apud
1212 1743 1383 1807 Putschium

244 1868 272 1928 p.
292 1844 374 1910 1125
389 1865 454 1928 sqq.
478 1855 566 1918 extat,
590 1866 650 1908 non
674 1866 709 1908 ex
733 1849 946 1908 commentario
961 1848 1144 1926 grammatici
1166 1847 1261 1908 nostri
1283 1846 1383 1925 negle-

248 1951 419 2028 gentissime
448 1955 588 2029 excerpta
622 1965 688 2010 esse
710 1948 925 2010 demonstrabit
948 1949 1176 2026 emendabitquc
1198 1948 1385 2010 Hermannus

245 2053 346 2130 Hagen
362 2051 531 2121 Bernensis,
556 2051 626 2112 olim
646 2049 782 2112 alumnus
804 2069 899 2120 meus,
925 2069 1012 2129 quem
1035 2063 1105 2131 spes
1127 2059 1173 2112 est
1194 2053 1303 2111 iterum
1319 2059 1386 2130 post

242 2151 424 2215 ‘Muellerum
450 2153 599 2215 editurum
621 2171 686 2214 esse
708 2161 873 2214 commenta
894 2151 954 2214 illa.

777 2387 852 2470 gr.

272 2596 273 2599 =
330 2559 536 2623 Nobilissimus
565 2562 698 2622 omnium
726 2567 869 2640 quotquot
895 2559 1017 2638 Vergilii
1051 2559 1231 2621 carminibus
1265 2578 1385 2639 operam

246 2663 395 2725 dederunt
423 2663 683 2742 grammaticorum
711 2662 766 2721 luit
793 2663 838 2721 M.
869 2665 1009 2724 Valerios
1030 2664 1146 2724 Probus
1168 2663 1321 2742 Berytius,
1350 2662 1387 2722 de

247 2767 332 2827 cuius
354 2767 409 2825 vita
434 2773 464 2825 et
485 2763 592 2825 studiis
614 2763 774 2824 Suetonius
796 2762 833 2823 dc
861 2762 911 2824 itl-
933 2781 978 2843 gr.
1003 2782 1028 2824 c.
1052 2761 1094 2825 24
1122 2765 1295 2824 memoriam
1323 2783 1386 2824 ser·

246 2869 332 2927 verit.
383 2865 498 2928 vixisse
526 2866 694 2927 [domitiano
721 2865 914 2945 imperatore,
943 2884 1010 2927 cum
1040 2866 1180 2928 Martialis
1207 2867 1387 2945 epigramma

250 2964 332 3030 1112
355 2967 390 3046 (v.
417 2964 466 3046 12)
490 2968 618 3047 scripsit,
641 2975 792 3029 mortuum
814 2985 880 3028 esse
903 2975 1061 3050 antequam
1076 2968 1234 3029 Suetonius
1256 2965 1387 3027 libellum

248 3068 333 3132 illurn
357 3071 538 3148 composuit,
562 3070 730 3149 amicosque
753 3071 816 3130 cius
839 3068 966 3131 Gellium
989 3071 1076 3130 etiam
1099 3069 1196 3130 medio
1218 3067 1335 3129 saeculo
1357 3087 1386 3147 p·

252 3171 321 3234 Chr.
346 3190 375 3232 n.
399 3170 493 3231 altero
522 3170 631 3232 vidisse
658 3173 773 3232 monuit
794 3170 960 3233 Alexander
982 3171 1069 3233 Riese
1099 3171 1146 3250 (dc
1174 3171 1387 3235 commentario

250 3272 418 3351 Vergiliano
442 3275 491 3351 qui
514 3273 603 3334 Probi
625 3271 733 3334 dicitur
754 3293 783 3354 p.
808 3270 867 3352 10).

335 3375 467 3436 Primum
489 3381 521 3435 ut
542 3374 693 3436 videamus
716 3375 832 3452 qualem
855 3374 976 3453 Vergilii
998 3381 1112 3436 textum
1133 3374 1250 3436 Probus
1280 3369 1387 3435 consti-

250 3479 356 3547 tuerit,
393 3484 474 3538 certa
506 3476 563 3537 hoc
595 3477 714 3537 nomine
748 3478 916 3538 testimonia
949 3476 1156 3556 perlustranda
1188 3485 1258 3539 sunt
1287 3476 1387 3538 hacce.

249 3581 346 3657 Atque
368 3581 488 3659 optimis
511 3577 679 3657 quibusque
702 3577 853 3640 codicibus
882 3598 949 3641 eum
978 3599 1064 3641 usum
1094 3598 1159 3641 csse
1190 3597 1256 3640 cum
1279 3597 1389 3660 perse

249 3688 332 3742 recte
355 3682 483 3743 conicias
507 3690 567 3742 tum
590 3681 750 3759 georgicon
778 3683 907 3761 primum
934 3691 1015 3743 certe
1043 3681 1152 3744 librum
1181 3681 1269 3743 manu
1295 3682 1389 3760 ipsius

250 3790 355 3861 poetae
379 3790 545 3844 correctum
569 3770 731 3860 selegisse
753 3785 818 3863 ipse
840 3784 918 3863 apud
940 3782 1068 3845 Gellium
1090 3783 1155 3844 Xlll
1177 3779 1232 3852 21,
1256 3779 1277 3842 4
1300 3781 1387 3843 adtir-

251 3894 321 3946 mat.
352 3886 382 3945 ln
402 3904 460 3965 quo
473 3885 551 3963 quod
564 3887 698 3964 repperit
713 3887 864 3963 ‘urbisne'
883 3905 918 3947 ex
936 3888 1047 3947 nostris
1059 3885 1210 3946 codicibus
1222 3885 1388 3963 (MPRybc)

251 3987 398 4067 praebent
413 3988 498 4066 PRy.
530 3987 661 4065 Cumque
684 4005 742 4047 non
766 3988 865 4048 minus
887 3987 1070 4048 confidenter
1097 3985 1207 4048 ibidem
1235 3985 1273 4047 de
1295 3987 1389 4065 scrip·

251 4091 326 4150 turis
349 4091 436 4150 urbes
458 4093 530 4151 hen.
555 4089 593 4150 lll
617 4084 688 4157 106,
718 4092 824 4149 turrim
846 4091 918 4150 den.
943 4090 967 4150 ll
989 4085 1054 4150 460
1076 4097 1105 4149 et
1125 4091 1255 4150 securim
1276 4087 1391 4149 henli

251 4189 315 4252 224
337 4191 463 4260 adserat,
487 4191 534 4252 his
557 4207 675 4268 quoque
698 4189 770 4251 locis
792 4192 920 4269 optimae
943 4192 1010 4252 fidei
1033 4189 1183 4268 exemplar
1205 4189 1321 4251 videtur
1342 4191 1388 4250 in·
1441 4243 1446 4252 .

252 4295 396 4373 spexisse.
440 4291 527 4353 Extat
549 4299 647 4354 autem
675 4295 763 4355 orbes
791 4299 821 4354 et
847 4295 974 4354 securim
1002 4295 1032 4353 in
1055 4293 1166 4354 nostris
1187 4291 1271 4352 libris
1294 4293 1388 4353 omni·

252 4395 324 4464 bus:
356 4397 480 4471 turrim,
511 4395 590 4474 quod
617 4395 786 4456 Priscianus
814 4413 947 4476 quoque,
977 4412 1049 4456 usus
1075 4393 1125 4454 ille
1153 4395 1280 4454 tortasse
1301 4391 1390 4454 Probi
