2956 4906
543 345 783 388 ευουυεουυυυ.
1168 324 1230 388 209

96 529 155 591 que
179 512 264 572 unire
281 529 382 572 verum
399 519 429 573 et
443 513 645 574 necessarium
661 513 699 573 sil
714 515 888 574 inexcita
903 514 1071 574 Ausonia
1093 513 1230 575 omnibus

29 618 33 628 '
95 613 181 674 libris
204 613 442 692 comprobatum,
471 613 527 675 bos
549 614 685 694 exemplo
706 633 862 676 monemur
885 633 922 675 ne
945 614 1015 692 quid
1037 615 1145 676 iudicio
1169 617 1231 675 eius

95 716 126 776 in
150 713 295 792 eligendis
318 716 475 794 seripturis
497 717 595 778 securi
617 715 791 778 tribuamus.
841 716 913 778 Nem
937 717 1023 776 eliam
1046 717 1072 778 x
1093 713 1156 779 369
1185 719 1229 776 in·

94 817 257 895 prudenter
279 835 382 878 verum
404 816 506 879 babuit
528 820 631 880 obnixi
651 817 730 899 quud
752 817 811 895 legi
826 837 881 898 pro
898 821 1009 880 obnixa
1024 837 1094 880 sane
1110 819 1231 879 Servius

95 935 215 997 quoque
239 918 396 980 adnotavit.
428 920 503 980 'lum
525 919 672 998 glossema
695 918 739 980 vel
755 899 956 982 subiecturum
972 927 1253 982 commemoratam-

93 1022 164 1080 ilem
187 1039 203 1080 a
226 1020 329 1082 Servio
352 1024 455 1097 quoad
475 1021 528 1082 llll
544 1018 611 1083 -147
640 1041 695 1101 pro
722 1023 850 1099 genuino
877 1020 1048 1091 venditavit,
1077 1029 1107 1084 al
1128 1020 1229 1099 Vergi-

93 1121 150 1183 lius
178 1140 248 1198 qua
279 1120 455 1201 reliqueral;
488 1131 518 1184 et
538 1101 619 1203 quael
642 1141 676 1184 ex
700 1122 846 1184 similibus
867 1121 940 1184 lueis
961 1123 1000 1184 lll
1022 1119 1085 1184 350
1120 1119 1229 1184 3788

93 1242 110 1284 a
132 1231 365 1285 commentatore
387 1224 550 1304 adpositum
580 1235 643 1285 erat
670 1227 762 1285 instat
784 1222 836 1284 llll
859 1220 919 1286 748
948 1231 1053 1305 poetae
1081 1243 1146 1286 esse
1174 1224 1230 1286 sibi

92 1327 250 1403 persuasit,
275 1327 326 1405 qui
347 1335 457 1400 arari
478 1328 646 1407 scripserat.
682 1326 743 1388 Nec
764 1324 892 1388 debebat
912 1324 1119 1406 interpolatam
1143 1327 1230 1387 eiiam
1348 1353 1350 1364 ·

93 1428 124 1487 in
146 1427 220 1496 Bac,
241 1426 321 1506 ,apud
342 1427 529 1490 Priscianum
553 1436 582 1489 el
605 1426 790 1492 scholiaslum
806 1427 915 1489 Lucani
938 1446 970 1511 “q
979 1429 1241 1508 praepositionem

93 1545 140 1607 ge.
164 1528 177 1589 l
199 1525 262 1590 360
284 1546 455 1606 agnoscere.

179 1647 231 1709 llis
259 1646 404 1709 accedunt
431 1648 486 1710 alia
514 1651 647 1730 quamvis
674 1667 816 1727 expresso
849 1649 1034 1727 grammatici
1060 1650 1229 1712 testimonia

95 1768 157 1811 non
178 1748 312 1828 probatu.
336 1749 509 1811 sedamen
532 1753 562 1811 iu
586 1749 789 1812 exscribendis
812 1749 956 1829 exemplis
976 1761 1145 1830 propagate.

178 1868 219 1929 Λυ
241 1871 384 1930 memoria
406 1869 495 1930 salsus
517 1871 647 1930 euleu.
670 1864 795 1930 111300
811 1870 1028 1945 praaredirnur
1050 1850 1156 1938 ellarii,
1180 1868 1230 1930 ubi

93 1970 202 2048 legitur
220 1974 462 2048 praarediar.
507 1969 685 2050 lnterpolate
708 1969 752 2031 vel
773 1971 805 2029 in
829 1977 909 2030 textu
923 1972 1058 2032 Arusiani
1075 1970 1118 2030 rel
1134 1972 1164 2031 in
1180 1988 1228 2031 co·

93 2071 159 2132 dice
181 2070 347 2151 Vergiliano
368 2089 426 2150 quo
448 2073 497 2133 his
528 2090 599 2133 usus
622 2081 668 2133 est
688 2073 758 2132 Λευ.
784 2071 834 2131 Vll
855 2067 918 2131 640
939 2072 1076 2133 induitur
1102 2074 1229 2132 loricam

92 2174 223 2234 berneris
254 2193 309 2253 pro
341 2175 388 2235 his
420 2178 580 2236 loricam
613 2177 800 2248 induitur,
837 2172 875 2233 lll
898 2169 960 2234 796
985 2191 1043 2249 per
1069 2175 1152 2248 ianes
1172 2192 1228 2252 pro

92 2279 269 2353 uirosque
292 2277 334 2355 (ul
355 2279 386 2336 in
401 2276 513 2337 veneto
532 2293 590 2352 per
611 2277 727 2353 nastes),
752 2270 1034 2357 resurremus
1051 2279 1227 2351 patriae,

93 2371 155 2436 212
182 2381 321 2439 caeruleo
343 2396 398 2457 pro
419 2377 600 2451 semifero
624 2377 669 2456 (cl.
692 2372 775 2452 209).

183 2495 329 2577 Corrupts
352 2502 419 2558 sunl
440 2497 513 2557 baec
534 2514 666 2576 quoque:
686 2498 800 2573 pateris
826 2492 880 2556 sel.
896 2495 909 2555 l
925 2490 966 2555 79
988 2514 1042 2575 pru
1061 2503 1225 2572 pateras,

92 2599 225 2659 alienum
247 2615 293 2676 ge.
316 2598 343 2658 ll
366 2595 407 2659 76
427 2617 482 2678 pro
505 2601 648 2676 aliena,
673 2613 773 2674 mana
794 2601 866 2658 Λευ.
888 2596 914 2657 Χ
936 2593 1013 2667 586,
1037 2615 1103 2658 eum
1126 2614 1228 2658 verum

91 2699 130 2758 sit
147 2715 307 2775 aranas.
958 2715 961 2722 ·
1211 2697 1212 2700 ’

177 2799 266 2862 blulls
295 2808 466 2881 praeterea,
498 2821 571 2881 quae
601 2803 688 2862 etiem
717 2804 747 2862 in
775 2807 945 2862 uestrorum
974 2799 1116 2862 librarum
1144 2808 1228 2879 parte

93 2903 299 2980 reperiuntur,
335 2919 370 2964 ex
401 2902 579 2982 interpolato
608 2903 768 2982 exemplari
801 2901 904 2964 lrausla
937 2909 1014 2963 sunl.
1069 2903 1227 2981 Composui
1259 2909 1267 2924 ·

91 3003 226 3083 exempla
248 3002 407 3085 quaedem:
1207 3003 1228 3028 ¹

133 3183 177 3212 =
197 3159 306 3234 FJMJ,
330 3157 456 3220 Nanibs:
486 3161 693 3235 omnipotentis
713 3154 1067 3238 projamnipareniis
1096 3159 1167 3218 Λευ.
1191 3155 1227 3217 Vl

132 3385 175 3414 τ·-
197 3361 270 3437 MR,
296 3362 332 3422 el.
357 3362 493 3424 Servius:
517 3365 676 3440 quicquum
697 3380 752 3441 pro
774 3366 947 3439 quiquam
979 3378 1025 3439 ge.
1046 3359 1101 3421 llll
1123 3356 1184 3422 447

196 3463 232 3524 el.
257 3465 436 3542 Marsuam
458 3481 514 3544 pro
536 3484 604 3527 sua
636 3465 708 3527 Λευ.
731 3464 785 3525 llll
806 3460 869 3526 233

131 3588 175 3616 --
197 3564 379 3643 MiPRybe:
401 3569 534 3627 ualidam
555 3586 611 3647 pru
633 3570 763 3628 duram
795 3583 840 3645 ge.
864 3565 917 3626 llll
938 3561 999 3627 331

131 3691 175 3719 =
196 3668 341 3746 Mlebe,
365 3669 402 3727 el.
426 3668 559 3730 Servius:
582 3672 657 3731 silua
678 3688 733 3749 pru
755 3669 834 3729 Sila
869 3686 915 3746 ge.
939 3664 1062 3730 111219

131 3793 174 3820 =
196 3770 350 3830 Menace:
372 3773 483 3831 saliere
502 3790 558 3850 pro
580 3775 734 3832 saluere
769 3789 814 3850 ge.
837 3767 962 3832 11384:
986 3771 1023 3830 el.
1041 3787 1146 3831 comm.
1163 3769 1227 3829 urit.

133 3895 176 3924 =
198 3888 257 3948 yar,
281 3870 408 3932 Fronto:
432 3881 578 3949 temperat
599 3893 655 3953 pro
677 3881 857 3950 temperet
889 3864 960 3934 Λευ.
983 3867 1052 3932 118

133 3999 176 4026 =
199 3991 234 4050 y,
259 3972 296 4033 cl.
322 3974 443 4035 seruus
467 3983 496 4035 et
517 3974 689 4055 Pompeius:
718 3976 804 4036 baud
822 3993 879 4054 pre
901 3982 966 4035 aut
995 3975 1067 4034 Λευ.
1090 3970 1143 4034 llll
1165 3967 1229 4032 370

133 4099 176 4128 =
198 4076 316 4153 yiaibe
336 4077 463 4138 Achillis
485 4095 539 4155 pro
561 4078 703 4138 Achilli
731 4080 803 4138 Λευ.
827 4076 854 4136 ll
875 4071 937 4138 275

129 4200 173 4230 =
193 4183 228 4238 el
248 4179 388 4239 manabat
408 4196 462 4258 pro
485 4181 644 4240 manebit
676 4179 748 4240 Λευ.
772 4174 905 4240 v11596
1032 4181 1038 4194 '

130 4297 213 4356 :x
241 4280 353 4355 Libyae
375 4299 429 4359 pro
452 4281 617 4357 Libycae
650 4285 721 4344 Λευ.
744 4281 798 4344 llll
820 4276 883 4342 320

192 4369 379 4472 amplectens
396 4400 451 4462 pro
474 4361 669 4464 amplexus
696 4385 766 4446 Λευ.
791 4379 922 4446 111607.

140 4496 274 4550 sereser,
293 4497 453 4536 ruouuuora.
938 4535 944 4542 .
982 4481 1023 4548 14
