3038 4912
249 321 291 388 96
497 311 507 366 ¹
697 343 941 389 eaouaooucru.

692 767 825 844 Oaros
853 767 958 844 VIII.

280 931 345 1014 De
376 881 718 1014 obtrectatoribus
749 931 915 1039 Vergilii
946 939 990 1013 et
1024 923 1078 1013 de
1109 929 1156 1018 Q·
1188 933 1366 1014 Asconio

723 1067 914 1150 Pediano.

759 1263 886 1274 ——fi-—n

339 1393 562 1466 detrectatores
590 1397 719 1478 Vergilio
747 1419 807 1460 nou
835 1402 928 1478 magis
955 1399 1114 1462 defuerunt
1142 1417 1230 1477 quam
1258 1401 1398 1462 llomcro.

251 1505 367 1564 Bauius
390 1509 419 1562 ot
442 1504 579 1564 Maevius
601 1510 631 1562 et
652 1507 749 1564 Anser
776 1501 918 1582 numquid
943 1502 1118 1580 scripserint
1139 1501 1280 1563 adversus
1302 1504 1398 1563 inimi·

253 1624 320 1665 cum
344 1621 404 1664 non
428 1611 552 1672 constat,
577 1604 634 1663 nisi
657 1603 735 1683 quod
760 1603 903 1665 ‘hordea'
927 1600 1077 1665 1111136
1100 1611 1130 1663 et
1152 1621 1198 1682 ge.
1222 1601 1313 1664 1210
1333 1604 1398 1684 plu·

250 1706 304 1767 rali
330 1724 457 1767 numero
481 1713 662 1784 usurpatum
673 1706 781 1767 Bavius
804 1714 833 1766 et
852 1706 984 1766 Maevius
1006 1723 1022 1764 a
1045 1705 1149 1766 Servio
1173 1705 1208 1766 ad
1231 1722 1279 1784 ge.
1303 1703 1401 1767 1210

144 1815 150 1818 “
251 1806 307 1867 lroc
330 1805 477 1868 versiculo
500 1808 691 1884 castigavisse
714 1815 889 1870 narrantur:

468 1912 569 1969 hordea
593 1915 640 1986 qui
664 1912 744 1975 dixit.
768 1929 852 1988 super
875 1919 916 1968 est
940 1921 971 1968 ut
995 1913 1081 1970 tritico
1104 1913 1183 1970 dicat.

339 2027 397 2088 Sed
420 2028 536 2089 veriora
559 2027 681 2089 tradidit
703 2026 864 2088 Cledonius
886 2044 915 2104 p.
941 2023 1038 2097 1898,
1067 2028 1119 2104 qui
1145 2028 1233 2088 liuius
1261 2027 1401 2090 versiculi

255 2138 408 2191 auctorem
432 2127 532 2190 laudat
555 2132 746 2204 Cornificium
771 2131 905 2204 Gallum,
935 2129 985 2208 qui
1009 2146 1080 2189 num
1102 2146 1135 2189 re
1158 2147 1226 2190 vera
1249 2131 1330 2190 Gelli
1350 2146 1399 2189 eo-

253 2233 395 2308 guomine
418 2231 509 2294 luerit
531 2230 620 2311 (quod
643 2230 700 2294 lroc
722 2229 785 2292 solo
808 2229 874 2292 loco
903 2231 930 2290 ei
958 2228 1107 2309 tribuitur)
1137 2227 1266 2291 dubitari
1290 2237 1399 2309 potest,

257 2335 325 2414 quia
354 2331 441 2395 tacite
470 2333 598 2395 Cornelii
621 2332 697 2394 Galli
724 2339 829 2412 poetae
857 2351 973 2394 memor
1005 2333 1066 2396 sive
1098 2333 1308 2410 grammaticus
1340 2333 1401 2392 sire

254 2437 319 2497 eius
342 2435 487 2514 glossator
521 2434 627 2498 salsum
651 2452 815 2513 cognomen
845 2433 1052 2513 adscripserit,
1086 2432 1114 2493 id
1144 2433 1222 2511 quod
1247 2433 1399 2512 Ungerum

254 2555 372 2617 quoque
395 2537 443 2612 (de
466 2535 559 2615 Valgii
581 2536 648 2598 Rufi
670 2554 768 2614 poem.
793 2554 823 2615 p.
846 2532 918 2614 392)
943 2536 1091 2615 suspicari
1112 2535 1206 2597 video.
1251 2535 1399 2597 Audacius
1489 2589 1500 2614 ,

251 2640 329 2700 enim
352 2637 511 2700 Merkelius
539 2636 650 2716 prolus.
682 2638 718 2698 ad
741 2637 806 2699 lhiu
836 2656 865 2717 p.
894 2635 957 2700 365
985 2655 1021 2699 ex
1051 2636 1169 2715 eclogae
1198 2638 1221 2697 V
1248 2633 1268 2698 8
1296 2638 1400 2698 ‘mon-

251 2739 329 2800 tibus
357 2741 387 2800 in
417 2742 527 2802 nostris
555 2739 636 2801 solus
664 2738 718 2800 tibi
752 2747 846 2802 certat
874 2742 1045 2818 Amyntas',
1080 2738 1131 2802 ubi
1161 2741 1314 2819 Amyntam
1345 2757 1400 2819 per

252 2842 381 2904 ironiam
404 2842 592 2904 Cornificium
617 2839 750 2920 intellegi
778 2851 879 2902 mouet
901 2842 1021 2903 Servius
1032 2841 1077 2921 ⁴²),
1109 2841 1236 2904 ricinum
1264 2840 1342 2902 huuc
1369 2841 1399 2900 in

251 2960 323 3022 agro
339 2943 500 3010 Mantuano
517 2945 577 3006 sive
593 2943 789 3005 Cremonensi
804 2943 865 3022 (ubi
881 2950 979 3005 tamen
996 2961 1034 3004 ne
1049 2951 1120 3004 sunt
1136 2943 1256 3021 quidem
1272 2941 1399 3022 montes)

253 3044 373 3124 Vergilii
401 3044 528 3126 ideoque
557 3053 590 3107 ut
611 3045 734 3107 Furium
757 3045 931 3107 Bibaculum
955 3064 970 3105 a
994 3044 1161 3106 scholiastis
1183 3044 1298 3105 Horatii
1322 3045 1400 3106 itaa

251 3145 393 3234 diedonio
409 3147 599 3210 Cornificium
623 3148 750 3208 coniecit
766 3149 1007 3225 cognominatum
1024 3148 1115 3208 luisse
1131 3145 1257 3208 Gallum.
1297 3146 1400 3223 ltaque

252 3246 343 3308 nolim
366 3249 561 3310 confidentius
585 3251 626 3309 eis
649 3248 806 3318 adsentiri,
837 3250 887 3327 qui
917 3246 1061 3310 librorum
1085 3247 1123 3308 de
1146 3249 1251 3327 etymis
1273 3247 1399 3309 deorum

252 3357 404 3410 auctorem
428 3353 622 3424 Cornificium
649 3352 782 3426 Longum
806 3349 954 3412 diversum
978 3351 1068 3412 luisse
1091 3369 1107 3410 a
1130 3359 1217 3431 poeta
1242 3351 1401 3422 Cornificio

254 3454 357 3526 Gallo,
387 3453 413 3511 si
436 3451 481 3512 dis
503 3451 614 3531 placet,
644 3459 814 3513 statuerunt
837 3451 885 3532 (cf.
907 3453 1096 3515 Weichertus
1119 3458 1210 3533 poett.
1235 3450 1310 3512 Latt.
1334 3451 1399 3512 rell.

253 3572 281 3632 p.
309 3548 368 3613 166
390 3553 553 3615 Merkelius
575 3550 707 3633 prolegg.
732 3554 768 3614 ad
791 3553 887 3616 Ovidii
909 3556 975 3615 last.
999 3554 1160 3634 cxcviii
1182 3555 1222 3616 lo.
1248 3553 1401 3636 lleclrcrus

252 3657 281 3716 111
299 3654 422 3732 Bergldi
443 3654 560 3734 ephem.
579 3674 608 3716 a.
633 3652 713 3716 1847
734 3675 765 3736 ρ.
784 3653 866 3718 1065
887 3656 961 3718 Lud.
979 3656 1122 3718 Schwabe
1145 3663 1270 3735 quaestt.
1294 3653 1399 3748 ¹Catull.

253 3775 281 3836 p.
305 3753 388 3835 300).

346 3859 404 3920 Sed
422 3861 631 3942 qualicumque
648 3863 824 3940 cognomine
840 3863 894 3923 luit.
909 3860 1045 3922 versiculi
1059 3860 1138 3930 illius
1152 3860 1272 3938 maligni
1288 3868 1401 3931 auctor,

254 3963 330 4042 quin
354 3969 440 4042 poeta
465 3963 570 4026 Catulli
601 3962 731 4042 aequalis
767 3975 796 4025 ct
826 3955 980 4026 lanriliaris
1013 3964 1103 4024 luerit
1131 3979 1219 4022 nemo
1249 3960 1402 4023 dubitarit.

254 4063 346 4124 Cuius
373 4067 404 4125 in
435 4074 499 4126 arte
527 4067 642 4145 poetica
680 4064 775 4126 studia
801 4076 877 4126 'cum
911 4065 1014 4126 eadem
1050 4064 1161 4125 luerint
1194 4083 1268 4143 quae
1298 4063 1404 4124 Catulli
1435 4141 1436 4144 Ἴ

260 4166 372 4227 Cinnae
395 4168 519 4229 Anseris
541 4167 660 4229 Catonis
684 4167 732 4245 (cl.
756 4166 860 4228 Catull.
884 4165 926 4228 38
954 4165 1075 4228 Ovidius
1096 4167 1171 4226 trist.
1197 4165 1222 4225 11
1243 4162 1306 4226 428
1326 4167 1402 4245 sqq.)

323 4402 352 4480 *J
372 4404 416 4458 Ol,
435 4405 506 4457 idem
525 4405 560 4458 ad
579 4403 735 4462 eol.1139.
