3038 4912
590 297 839 380 succesoribus.
1243 311 1283 378 97

140 515 233 577 erant,
258 509 368 585 scripta
392 515 490 568 autem
514 513 615 567 eontra
639 503 800 584 Vergilium
823 505 972 582 expressis
994 502 1093 564 verbis
1107 503 1228 565 Servius
1249 500 1284 563 ad

141 608 197 669 ecl.
229 608 253 669 ll
275 604 317 670 39
346 608 393 668 bis
422 609 574 686 agnoverit
602 608 773 686 ‘Amyntam
802 605 992 667 Cornificium
1020 593 1082 666 uult
1108 604 1284 684 intelligere,

141 712 208 790 quis
232 718 356 771 conatos
379 717 426 771 est
448 717 552 771 contra
568 708 720 787 Virgilium
744 707 898 768 seribere'
922 707 999 787 (nam
1016 707 1163 787 Vergilius
1186 713 1286 768 ulrum

141 813 291 896 ilmpntae¹
306 811 359 872 ecl.
386 811 412 872 ll
433 806 475 872 35
493 807 562 891 [39]
588 812 610 871 V
633 808 663 871 8.
692 807 737 871 15.
763 806 802 871 18
825 827 862 871 an
880 809 968 872 Codri
991 807 1045 870 ecl.
1070 810 1093 870 V
1118 808 1155 872 11
1179 808 1230 869 Vll
1245 804 1286 869 22

141 933 178 974 an
202 921 308 974 neutro
331 914 451 974 nomine
467 913 656 974 Cornificium
673 911 840 990 significare
863 910 988 973 voluerit
1002 931 1062 974 non
1077 911 1171 990 curo),
1194 909 1287 972 multo

141 1015 264 1106 dignius!
280 1013 338 1076 lide
361 1013 495 1075 Cledonii
518 1015 720 1076 testimonium
743 1033 830 1094 mam
848 999 987 1075 'Serviani
1009 1014 1215 1075 commentarii
1237 1011 1288 1074 ad·

142 1116 354 1185 notatiuncula,
379 1135 434 1196 qua
458 1116 493 1178 ad
516 1115 604 1178 binos
627 1125 765 1178 auctores
787 1134 866 1178 unus
889 1116 1054 1178 versiculus
1076 1116 1217 1177 refertur.

227 1219 288 1279 Neo
311 1216 447 1279 versibus
469 1226 600 1288 tantum,
630 1217 683 1278 sed
705 1237 795 1298 prosa
818 1235 936 1297 quoque
959 1219 1094 1278 oratione
1117 1217 1154 1278 de
1177 1216 1289 1295 eclogis

143 1319 319 1398 Vergilianis
342 1327 573 1380 commentatum
598 1337 662 1380 esse
686 1319 875 1382 Cornificium
898 1319 1087 1381 statuendum
1111 1327 1203 1389 esset,
1232 1319 1289 1380 nisi

143 1429 285 1501 corrupta
310 1421 387 1500 apud
410 1420 628 1502 Philargyriom
659 1421 694 1483 ad
719 1420 773 1484 ecl.
798 1421 837 1482 lll
862 1417 922 1482 106
949 1422 1023 1484 baec
1051 1429 1167 1482 essent:
1201 1419 1291 1481 ‘dicit

144 1525 324 1596 Cornificius
352 1522 389 1584 ab
417 1525 483 1603 ipso
507 1522 628 1602 Virgilio
651 1523 769 1586 audisse
793 1521 871 1604 [se],
902 1522 980 1600 quod
1004 1523 1134 1586 Caelium
1159 1523 1289 1584 Mantua-

142 1643 216 1685 num
240 1624 388 1704 quenulam
413 1627 521 1703 tetigit.
552 1627 601 1702 qui
625 1627 810 1706 consumptis
837 1625 977 1686 omnibus
999 1625 1187 1687 laeultatibos
1216 1624 1289 1685 nibil

142 1726 201 1788 sibi
224 1726 344 1806 reliquit
366 1727 423 1787 nisi
447 1725 542 1787 locum
566 1728 654 1788 trium
678 1721 827 1790 ulnarum
845 1727 881 1787 ad
910 1725 1173 1807 sepulturam'*l..
1211 1726 1289 1787 blor-

142 1836 214 1889 tuus
236 1828 349 1889 scilieet
372 1835 417 1888 est
440 1845 517 1888 auno
541 1825 602 1889 713
626 1828 802 1891 Cornilleius
824 1836 935 1899 noster,
958 1837 992 1892 nt
1014 1829 1186 1910 Hieronymi
1209 1831 1291 1890 testi·

144 1932 246 1991 monio
281 1936 408 1991 constat.
462 1913 588 2008 E'clogas
622 1938 719 1992 autem
756 1949 822 1991 cum
855 1932 934 1991 inter
962 1949 1057 1992 annos
1087 1928 1149 1992 ’112
1178 1938 1208 1990 et
1230 1925 1292 1991 715

146 2033 303 2112 scripserit
324 2030 487 2110 Vergilius,
521 2034 633 2111 primas
666 2032 716 2093 ille
738 2033 837 2094 statim
868 2032 908 2111 (et
936 2042 980 2094 est
1007 2049 1079 2093 sane
1108 2035 1194 2093 etiam
1224 2039 1291 2092 ante

145 2135 277 2213 quintam
301 2135 412 2212 scripta
434 2133 532 2213 tertia)
556 2137 621 2215 ipso
645 2153 723 2196 anno
747 2131 809 2196 112
832 2152 892 2194 non
916 2135 1062 2212 carpsisse
1091 2140 1215 2204 tantum,
1238 2134 1290 2194 sed

146 2234 366 2316 quodammodo
381 2237 470 2296 etiam
484 2235 678 2300 illustnavisse
694 2236 828 2298 deberet.
859 2235 935 2307 Quid
952 2237 1070 2297 antemi
1092 2235 1292 2314 Vergiliumue

145 2339 246 2418 ipsum
269 2336 498 2398 obtrectatorem
522 2346 552 2398 et
573 2339 725 2401 inimicum
748 2337 858 2400 secreti
880 2339 1054 2418 participem
1077 2340 1202 2400 iecisse?
1232 2345 1290 2399 sta·
1403 2321 1405 2328 ’

148 2441 239 2500 timne
262 2457 332 2501 vero
355 2437 478 2500 simulac
506 2440 569 2500 fixit
602 2459 722 2503 erucem
756 2441 974 2520 grammaticis?
1012 2439 1177 2503 Admodum
1200 2441 1292 2518 igitur

144 2539 349 2612 memorabile,
374 2541 452 2622 quod
469 2559 532 2614 non
545 2539 744 2614 Cornificium,
768 2543 820 2604 sed
836 2545 1000 2604 Cornutum
1015 2541 1166 2622 appellant
1180 2541 1291 2603 scholia

146 2643 309 2704 Beruensia
333 2643 368 2703 ad
392 2643 411 2702 l.
435 2642 466 2712 l.‚
491 2661 670 2721 quamquam
693 2644 729 2705 ab
752 2646 817 2724 ipso
841 2644 969 2723 Vergilio
998 2663 1035 2706 ne
1064 2644 1144 2706 bunc
1172 2643 1290 2725 quidem

146 2744 274 2806 solutam
298 2747 504 2823 quaestionem
526 2745 674 2806 audivisse
702 2745 862 2816 credibile,
893 2748 942 2826 qui
971 2765 1039 2808 cum
1067 2766 1144 2808 anno
1166 2766 1196 2828 p.
1221 2745 1290 2807 Chr.

147 2843 188 2908 68
211 2849 241 2906 in
265 2847 386 2908 exilium
409 2849 517 2909 missus
539 2849 593 2918 sit,
624 2865 702 2909 anno
730 2854 798 2908 ante
821 2846 890 2910 Chr.
916 2845 972 2918 19,
1003 2866 1062 2927 quo
1089 2857 1225 2910 mortuus
1249 2855 1294 2908 est

149 2947 305 3027 Vergilius,
329 2967 367 3009 ne
390 2957 476 3010 natus
499 2949 629 3029 quidem,
653 2947 762 3010 nedum
778 2968 845 3010 cunr
861 2958 948 3030 poeta
964 2949 1131 3011 clarissimo
1146 2949 1182 3009 de
1198 2949 1293 3009 doctis

150 3049 373 3129 quaestionibus
401 3050 607 3112 conlabulatus
642 3068 707 3111 esse
741 3051 913 3112 statuendus
943 3059 995 3114 est.
1048 3053 1129 3123 Quae
1157 3069 1223 3112 cum
1252 3053 1293 3111 ita

60 3201 62 3204 ,
152 3153 227 3221 sint,
257 3158 308 3213 aul
337 3153 547 3231 corrigendum
576 3161 606 3214 et
632 3152 710 3233 apud
734 3151 951 3231 Philargyrium
975 3161 1004 3214 et
1025 3155 1055 3214 io
1079 3149 1198 3213 scholiis
1221 3152 1292 3213 Ber·

151 3252 294 3315 nensibus
317 3254 360 3314 sic
387 3255 466 3316 lere:
497 3256 585 3316 ‘dicit
608 3256 758 3316 Cornutus
786 3253 822 3314 ab
845 3256 910 3334 ipso
933 3254 1061 3333 Vergilio
1084 3254 1200 3316 audisse
1224 3253 1292 3334 [As-
1353 3303 1359 3314 ,

149 3353 279 3437 eonium]
311 3356 388 3435 quod
413 3356 542 3417 Caelium
566 3357 757 3419 Mantuanum
787 3343 901 3433 teligit'
932 3375 957 3416 e.
988 3375 1015 3436 q.
1039 3378 1061 3418 s.
1096 3364 1158 3418 torn
1194 3364 1292 3418 etitem

150 3456 267 3535 reliqua
290 3458 400 3527 omnia,
424 3460 511 3519 etiam
535 3477 610 3539 qnae
634 3459 712 3538 apud
735 3459 871 3520 Servium
893 3458 1048 3537 leguntur,
1073 3458 1203 3520 Cornuto
1225 3457 1292 3519 red-

150 3558 263 3629 denda,
293 3557 408 3620 aut'ex
432 3561 511 3621 varie
533 3562 562 3620 io
586 3569 712 3638 utroquo
735 3563 817 3622 lonte
845 3569 985 3641 corrupta
1007 3563 1150 3622 memoria
1174 3560 1292 3622 elicien-

151 3660 223 3721 dum
247 3661 305 3721 erit
326 3660 403 3722 allud
426 3681 544 3732 nomen,
567 3661 647 3724 velut
663 3665 802 3738 Cornelii,
827 3662 945 3742 quando
960 3663 1110 3725 CORNEL
1125 3682 1141 3724 a
1157 3661 1295 3725 counit*

150 3763 187 3842 (v.
204 3761 296 3824 schol.
314 3762 414 3842 Rern.)
439 3782 498 3824 non
521 3761 638 3844 longius
661 3764 754 3832 abest.
779 3767 955 3838 Cornificius
970 3773 1066 3826 antem
1084 3785 1119 3827 ex
1142 3766 1198 3834 his,
1220 3781 1294 3844 quae

153 3862 232 3943 apud
255 3863 475 3946 Philargyrium
499 3873 649 3936 secuntur,
673 3867 784 3928 lactum
808 3885 873 3928 esse
895 3866 1024 3929 ridetur:
1060 3870 1148 3929 ‘item
1172 3866 1295 3928 Oledius

147 3966 227 4027 Naso
255 3967 402 4029 orificium
426 3969 483 4036 ait,
513 3969 582 4047 quia
613 3975 725 4030 tantum
749 3967 863 4031 caelum
886 3978 990 4050 patere
1011 3970 1128 4031 videtur
1150 3975 1293 4049 quantum

215 4234 243 4304 ⁸)
262 4238 348 4289 Varia
366 4238 445 4292 codd.
463 4240 646 4291 Laurentiani
664 4240 734 4306 plut.
751 4243 785 4292 45
803 4258 829 4296 n.
850 4245 883 4293 14
901 4240 954 4308 (b)
973 4247 1001 4293 et
1018 4243 1139 4294 Parisini
1158 4245 1225 4294 7960
1241 4239 1293 4308 (Ρ)

45 4383 47 4386 ¹
148 4323 286 4388 scriptore
305 4328 378 4374 teste
398 4324 430 4378 G.
449 4324 566 4375 Thilone
585 4324 656 4375 haee
675 4330 730 4376 est:
749 4313 841 4378 cornil
857 4329 907 4378 LP
963 4328 1056 4396 abisso
1069 4329 1120 4378 LP
1192 4328 1294 4389 edisse,

90 4435 92 4437 ·
148 4423 197 4456 oni.
218 4423 248 4458 se
268 4409 317 4457 LP
368 4423 448 4474 qnam
469 4409 494 4458 P
556 4409 654 4458 eelinm
674 4411 698 4460 I’
760 4411 893 4478 relinquit
911 4414 962 4462 LP
1022 4409 1294 4477 ulnoruspatii‘aLP.

199 4506 334 4554 arpason,
359 4507 518 4543 eserenon.
1073 4495 1091 4560 7
