2956 4906
239 301 301 365 216
682 281 920 360 00000000001.

323 487 473 560 Quaedam
507 488 594 547 etiam
629 482 763 546 consulto
793 485 950 544 mutavisse
982 483 1096 544 videtur
1124 484 1310 553 Priscianus,
1349 493 1381 544 ut

238 589 328 670 paulo
349 589 524 651 iucundiora
548 587 625 648 lectu
649 587 781 647 efficeret
804 585 937 665 exempla
959 604 1020 656 sua,
1043 585 1123 647 velut

280 693 352 752 100.
405 693 427 751 V
449 687 513 752 510
539 692 592 766 qut
612 691 732 765 prirnats
759 705 826 749 cum
854 687 1049 765 sequentibus
1077 688 1230 749 coniunxit
1251 706 1308 767 pro
1333 687 1380 748 bis

536 808 607 853 aaa
630 792 766 863 valuit,
790 808 866 868 quae
888 789 923 850 ad
945 807 1119 869 praegressa
1143 791 1316 869 respiciunt.

309 930 320 940 -
370 893 419 955 Vll
443 890 505 956 114
525 910 626 970 prope
644 897 756 969 (lamen
778 891 937 966 Himellae,
962 891 1012 952 ubi
1035 891 1161 971 legimus
1182 900 1217 952 et
1234 891 1280 966 sl.
1304 893 1346 953 II.

302 1013 347 1075 ge.
380 979 504 1058 11483
529 998 576 1056 sin
603 996 660 1055 bas
686 1003 816 1054 naturae
844 1011 903 1054 nan
931 995 1040 1070 possim
1069 1013 1124 1074 pro
1152 997 1209 1054 sin
1237 996 1306 1056 aas
1335 1013 1380 1055 ue

538 1099 676 1174 possim
698 1103 871 1162 naturae,
1041 1159 1045 1162 ,

281 1202 352 1262 100.
376 1199 428 1260 1111
450 1195 513 1261 533
541 1202 638 1275 quatit
659 1200 774 1273 000010
795 1215 887 1258 cursa
909 1215 964 1276 pro
986 1213 1102 1274 saper
1123 1216 1154 1258 a.
1172 1199 1297 1275 pulsu.

323 1301 454 1363 Efficitur
476 1301 523 1362 bis
545 1299 682 1362 omnibus
705 1317 760 1360 nec
782 1298 870 1359 iidem
886 1300 1029 1360 Prisciani
1051 1301 1082 1358 in
1097 1298 1249 1360 tradendis
1271 1301 1378 1360 carmi·

241 1402 329 1466 uibus
352 1402 527 1480 Vergiliauis
549 1403 694 1463 sinceram
717 1419 772 1462 nec
794 1399 967 1462 melioribus
995 1419 1082 1478 quam
1104 1418 1161 1461 nos
1182 1399 1268 1462 libris
1290 1420 1379 1462 usum
1417 1431 1419 1434 ·

241 1523 315 1574 esse,
333 1505 446 1565 etiamsi
461 1503 604 1583 quaedam
620 1505 706 1564 etiarn
721 1504 752 1563 iu
768 1501 971 1564 describendis
987 1501 1222 1565 institutionibus
1238 1502 1380 1582 librarios

241 1607 286 1668 rel
308 1607 477 1686 peccavisse
500 1603 683 1684 neglegentia
706 1604 751 1664 rel
774 1604 830 1666 sibi
845 1603 1014 1674 indulsisse,
1031 1604 1086 1666 alia
1103 1604 1270 1666 diortbotas
1284 1605 1379 1665 inter-

241 1706 385 1789 polavisse
408 1706 617 1768 concedamus:
642 1708 678 1767 01.
704 1725 729 1766 e.
751 1723 781 1784 g.
804 1724 850 1785 ge.
876 1702 1011 1767 1111261
1044 1708 1115 1768 100.
1140 1707 1176 1767 Vl
1199 1702 1271 1768 289.

327 1807 397 1870 itala
411 1810 579 1870 coniectura
590 1809 728 1870 Isidorus
740 1809 882 1888 deceptus
893 1809 964 1868 den.
979 1807 1032 1868 llll
1044 1805 1169 1888 tetegit
1188 1811 1318 1871 Vaccaei
1329 1811 1381 1889 qui

241 1914 271 1976 iu
288 1911 446 1990 Pyrenaeis
468 1908 648 1980 babitabant,
673 1929 740 1971 eum
764 1909 921 1988 avergilio
934 1909 1069 1971 Barcaei
1084 1913 1187 1991 scripti
1203 1920 1258 1972 eta
1275 1910 1382 1972 Servio

241 2020 322 2074 recte
345 2012 485 2091 descripti
508 2019 616 2073 essent.
662 2011 719 2073 Sed
744 2029 810 2073 cum
833 2014 863 2072 iu
885 2012 1104 2092 pronuntiando
1125 2015 1144 2074 b
1167 2020 1196 2073 et
1217 2031 1239 2072 υ
1261 2011 1380 2074 litterae

241 2116 405 2201 permutari
432 2113 536 2175 solitae
565 2115 636 2184 siut,
671 2116 701 2175 in
737 2113 838 2175 codiee
873 2113 969 2191 aliquo
1003 2117 1138 2175 Varcaet
1165 2115 1274 2175 lactum
1304 2123 1378 2174 erat.
1466 2195 1469 2198 Ι

242 2217 335 2288 Quem
358 2214 567 2294 interpolatum
590 2215 680 2276 luisse
703 2216 790 2275 etiam
813 2214 942 2275 additum
972 2217 1002 2274 iu
1025 2215 1130 2276 Isidori
1160 2215 1381 2295 exemplaribus

241 2325 386 2394 vacantes
408 2316 559 2397 epitheton
583 2316 695 2396 prodit,
725 2334 783 2394 quo
811 2319 841 2377 in
863 2333 899 2394 οχ
921 2333 1040 2400 quoque
1062 2319 1222 2395 genuinum
1241 2316 1382 2391 furentes

216 2399 218 2404 ⁵
241 2419 392 2500 expulsum
416 2429 468 2478 est.
513 2417 572 2478 Sed
594 2418 749 2486 confirmat
771 2417 873 2478 solutis
895 2413 993 2479 verbis
1015 2416 1166 2498 explicans
1181 2418 1207 2478 ll
1222 2414 1285 2480 349
1300 2419 1380 2496 quod

241 2527 323 2582 recte
355 2520 474 2581 Servius
501 2520 717 2580 commendavit
744 2522 903 2580 audentem
925 2529 958 2580 nt
987 2529 1031 2580 est
1058 2523 1089 2580 iu
1115 2511 1247 2598 y2a2'be;
1277 2539 1381 2601 quam·

241 2639 328 2699 quam
351 2623 381 2680 in
404 2629 484 2681 textu
507 2620 611 2682 isidori
634 2641 649 2682 a
673 2620 801 2682 librariis
825 2621 927 2681 eodem
951 2623 1014 2682 lere
1037 2621 1125 2683 modo
1148 2630 1323 2702 corruptum
1347 2632 1381 2684 ut

191 2736 193 2740 ·
242 2723 272 2784 10
295 2724 403 2784 ceteris
425 2723 534 2783 nostris
557 2722 717 2783 codicibus.
749 2722 813 2796 Ouo
837 2722 972 2803 exemplo
996 2725 1067 2785 satis
1083 2742 1240 2785 monemur
1255 2743 1293 2785 ne
1308 2724 1380 2804 quid

242 2841 379 2904 umquam
401 2825 431 2884 in
453 2823 510 2885 boc
531 2841 641 2902 genere
664 2826 720 2884 nisi
748 2823 859 2885 diserto
876 2825 1057 2886 ‘testimonio
1087 2825 1268 2887 confidamus
1292 2825 1381 2903 (00101

243 2921 589 2987 0101001165185
626 2925 662 2986 tx
687 2922 747 3002 76).
1188 2995 1196 3016 ἱ

327 3026 449 3087 Restant
481 3026 592 3087 scholia
623 3036 779 3106 poetarum
813 3029 900 3089 variis
940 3028 1096 3091 doctorum
1134 3029 1384 3110 indoctorumque

244 3129 454 3207 magistrorum
477 3130 653 3190 commentis
675 3131 714 3190 ita
738 3132 945 3201 contaminata,
969 3141 1001 3192 ut
1023 3151 1078 3193 nec
1100 3141 1203 3194 auctor
1224 3150 1280 3193 nec
1303 3139 1384 3194 aetas

243 3229 426 3308 singularum
449 3230 671 3292 adnotationum
694 3233 765 3292 satis
787 3232 916 3293 discerni
939 3235 1040 3312 possit.
1085 3233 1121 3295 Et
1136 3235 1294 3295 Horatiana
1318 3235 1384 3311 qui·

243 3330 327 3401 dem,
361 3351 437 3412 quae
461 3334 591 3394 Acronus
612 3335 730 3395 nomine
759 3336 1027 3404 circumferuntur,
1058 3335 1094 3396 ab
1119 3335 1384 3397 11010010100000

244 3431 338 3493 aliena
362 3451 428 3494 esse
451 3452 517 3494 cum
542 3442 655 3496 constat
677 3437 754 3497 inter
775 3419 939 3516 prudentes
963 3444 1023 3499 tum
1049 3456 1084 3498 ex
1107 3437 1241 3498 codicum
1264 3437 1384 3499 saeculo

242 3533 293 3594 XV
322 3535 521 3613 antiquiorum
550 3535 669 3597 silentio
696 3554 792 3616 nuper
826 3538 944 3618 collegit
973 3539 1161 3602 Hermanuus
1189 3539 1303 3600 Usener
1337 3539 1385 3616 (de

246 3633 338 3694 schol.
362 3634 550 3716 Horatianis).
596 3637 814 3701 Commentator
836 3641 926 3717 igitur
948 3641 1275 3703 ilchoratianusAeu.
1293 3637 1383 3702 1481

244 3743 369 3797 testatur
399 3743 499 3797 extare
533 3743 668 3814 proruit,
706 3741 782 3820 quod
811 3759 898 3802 nemo
928 3743 1076 3805 dubitaret
1103 3761 1204 3804 verum
1234 3761 1299 3803 esse
1327 3744 1386 3804 nisi

245 3836 313 3897 libri
330 3839 422 3898 nostri
439 3858 541 3900 omnes
557 3840 702 3902 haberent
714 3846 863 3919 proluit
879 3841 1150 3925 exemploil11686
1166 3845 1383 3906 confirmatum.

245 3939 405 4000 Praeterea
428 3939 481 4000 Xll
503 3937 566 4002 876
588 3940 659 4020 legit
681 3945 820 4006 dirarum
850 3964 905 4024 pro
933 3949 1092 4022 alarum,
1124 3948 1283 4027 ascriptum
1311 3946 1385 4008 illud

244 4039 281 4108 ab
310 4042 474 4120 interprete
496 4041 593 4122 aliquo
617 4062 651 4102 ex
675 4063 700 4105 v.
724 4042 795 4107 869.
1328 4103 1336 4126 a,

329 4142 482 4204 Deteriora
510 4145 541 4204 in
570 4143 774 4215 describendis
805 4148 948 4228 exemplis
983 4150 1040 4236 ubi
1064 4152 1212 4230 sequitur,
1242 4168 1310 4211 etim
1340 4149 1389 4214 his

244 4245 393 4323 congruit:
473 4315 476 4332 f

286 4370 329 4400 =
351 4346 441 4423 Mtte,
466 4348 503 4410 cl.
528 4347 662 4412 Servius:
682 4355 719 4424 fit
739 4369 794 4430 pro
816 4355 845 4413 it
879 4356 950 4415 100.
977 4355 989 4416 l
1012 4350 1074 4416 725
